<record><header><identifier>oai:alma.41SLSP_UGE:991000007929705502</identifier><datestamp>2023-07-08T00:14:36Z</datestamp><setSpec>uge_bcen_RapidILL_BOOK</setSpec><setSpec>uge_aaca_RapidILL_BOOK</setSpec><setSpec>uge_abels_RapidILL_BOOK</setSpec><setSpec>uge_dbu_RapidILL_BOOK</setSpec><setSpec>uge_cmu_RapidILL_BOOK</setSpec><setSpec>uge_mail_RapidILL_BOOK</setSpec><setSpec>uge_abbat_RapidILL_BOOK</setSpec><setSpec>UNIGE_ALL</setSpec><setSpec>uge_aobs_RapidILL_BOOK</setSpec><setSpec>uge_acar_RapidILL_BOOK</setSpec></header><metadata>
<record xmlns="http://www.loc.gov/MARC21/slim" xmlns:xsi="http://www.w3.org/2001/XMLSchema-instance" xsi:schemaLocation="http://www.loc.gov/MARC21/slim http://www.loc.gov/standards/marcxml/schema/MARC21slim.xsd"><leader>02134naa a2200433 c 4500</leader><controlfield tag="001">991000007929705502</controlfield><controlfield tag="005">20230629192140.0</controlfield><controlfield tag="008">130327s2013    sz ||||| |||| 00| ||fre d</controlfield><datafield ind1=" " ind2=" " tag="035"><subfield code="a">(swissbib)117170526-41slsp_network</subfield></datafield><datafield ind1=" " ind2=" " tag="035"><subfield code="a">117170526</subfield><subfield code="9">ExL</subfield></datafield><datafield ind1=" " ind2=" " tag="035"><subfield code="a">(RERO)R007266896-41slsp</subfield></datafield><datafield ind1=" " ind2=" " tag="035"><subfield code="a">(EXLNZ-41SLSP_NETWORK)991021865059705501</subfield></datafield><datafield ind1=" " ind2=" " tag="040"><subfield code="a">RERO iftaf-</subfield><subfield code="d">CH-ZuSLS</subfield></datafield><datafield ind1=" " ind2=" " tag="044"><subfield code="a">sz</subfield><subfield code="c">ch-ge</subfield></datafield><datafield ind1=" " ind2="7" tag="072"><subfield code="a">dr</subfield><subfield code="2">rero</subfield></datafield><datafield ind1="1" ind2=" " tag="100"><subfield code="a">Vion, Adrien</subfield><subfield code="d">1988-</subfield><subfield code="4">aut</subfield></datafield><datafield ind1="1" ind2="0" tag="245"><subfield code="a">&lt;&lt;L'&gt;&gt;art. 320 AL. 2 CO</subfield><subfield code="b">une règle compatible avec les dispositions sur la conclusion des contrats?</subfield><subfield code="c">par Adrien Vion</subfield></datafield><datafield ind1=" " ind2=" " tag="336"><subfield code="b">txt</subfield><subfield code="2">rdacontent</subfield></datafield><datafield ind1=" " ind2=" " tag="337"><subfield code="b">n</subfield><subfield code="2">rdamedia</subfield></datafield><datafield ind1=" " ind2=" " tag="338"><subfield code="b">nc</subfield><subfield code="2">rdacarrier</subfield></datafield><datafield ind1=" " ind2=" " tag="504"><subfield code="a">Bibliogr.</subfield></datafield><datafield ind1=" " ind2=" " tag="580"><subfield code="a">In: La semaine judiciaire. II, Doctrine. - Genève. - Vol. 135(2013), no 2, p. 29-63</subfield></datafield><datafield ind1=" " ind2="7" tag="650"><subfield code="a">Einzelarbeitsvertrag</subfield><subfield code="9">ger</subfield><subfield code="0">(RERO)jurivoc000006661ger</subfield><subfield code="2">jurivoc</subfield></datafield><datafield ind1=" " ind2="7" tag="650"><subfield code="a">Vertragsabschluss</subfield><subfield code="9">ger</subfield><subfield code="0">(RERO)jurivoc000025249ger</subfield><subfield code="2">jurivoc</subfield></datafield><datafield ind1=" " ind2="7" tag="650"><subfield code="a">Fiktion</subfield><subfield code="9">ger</subfield><subfield code="0">(RERO)jurivoc000008320ger</subfield><subfield code="2">jurivoc</subfield></datafield><datafield ind1=" " ind2="7" tag="650"><subfield code="a">Auslegung</subfield><subfield code="9">ger</subfield><subfield code="0">(RERO)jurivoc000002288ger</subfield><subfield code="2">jurivoc</subfield></datafield><datafield ind1=" " ind2="7" tag="650"><subfield code="a">Geltungsbereich(allgemein)</subfield><subfield code="9">ger</subfield><subfield code="0">(RERO)jurivoc000009363ger</subfield><subfield code="2">jurivoc</subfield></datafield><datafield ind1=" " ind2="7" tag="650"><subfield code="a">Antrag zu Vertragsabschluss</subfield><subfield code="9">ger</subfield><subfield code="0">(RERO)jurivoc000001472ger</subfield><subfield code="2">jurivoc</subfield></datafield><datafield ind1=" " ind2="7" tag="650"><subfield code="a">Arbeitnehmer</subfield><subfield code="9">ger</subfield><subfield code="0">(RERO)jurivoc000001617ger</subfield><subfield code="2">jurivoc</subfield></datafield><datafield ind1=" " ind2="7" tag="650"><subfield code="a">Annahme des Antrags</subfield><subfield code="9">ger</subfield><subfield code="0">(RERO)jurivoc000001270ger</subfield><subfield code="2">jurivoc</subfield></datafield><datafield ind1=" " ind2="7" tag="650"><subfield code="a">Arbeitgeber</subfield><subfield code="9">ger</subfield><subfield code="0">(RERO)jurivoc000001607ger</subfield><subfield code="2">jurivoc</subfield></datafield><datafield ind1=" " ind2="7" tag="650"><subfield code="a">Konsens</subfield><subfield code="9">ger</subfield><subfield code="0">(RERO)jurivoc000013220ger</subfield><subfield code="2">jurivoc</subfield></datafield><datafield ind1=" " ind2="7" tag="650"><subfield code="a">tatsächlicher Konsens</subfield><subfield code="9">ger</subfield><subfield code="0">(RERO)jurivoc000022209ger</subfield><subfield code="2">jurivoc</subfield></datafield><datafield ind1=" " ind2="7" tag="650"><subfield code="a">Vertrauensprinzip(Vertragsauslegung)</subfield><subfield code="9">ger</subfield><subfield code="0">(RERO)jurivoc000025288ger</subfield><subfield code="2">jurivoc</subfield></datafield><datafield ind1=" " ind2="7" tag="650"><subfield code="a">grammatikalische Auslegung</subfield><subfield code="9">ger</subfield><subfield code="0">(RERO)jurivoc000010263ger</subfield><subfield code="2">jurivoc</subfield></datafield><datafield ind1=" " ind2="7" tag="650"><subfield code="a">historische Auslegung</subfield><subfield code="9">ger</subfield><subfield code="0">(RERO)jurivoc000011234ger</subfield><subfield code="2">jurivoc</subfield></datafield><datafield ind1=" " ind2="7" tag="650"><subfield code="a">systematische Auslegung</subfield><subfield code="9">ger</subfield><subfield code="0">(RERO)jurivoc000022102ger</subfield><subfield code="2">jurivoc</subfield></datafield><datafield ind1=" " ind2="7" tag="650"><subfield code="a">teleologische Auslegung</subfield><subfield code="9">ger</subfield><subfield code="0">(RERO)jurivoc000022376ger</subfield><subfield code="2">jurivoc</subfield></datafield><datafield ind1=" " ind2="7" tag="651"><subfield code="a">Schweiz</subfield><subfield code="9">ger</subfield><subfield code="0">(RERO)jurivoc000019912ger</subfield><subfield code="2">jurivoc</subfield></datafield><datafield ind1="0" ind2=" " tag="773"><subfield code="t">Semaine judiciaire. II, Doctrine</subfield><subfield code="g">2013/29</subfield><subfield code="g">yr:2013</subfield><subfield code="w">(RERO)R242413960-41slsp</subfield></datafield></record>
</metadata></record>