<record><header><identifier>oai:alma.41SLSP_UGE:991000008239705502</identifier><datestamp>2023-03-01T01:09:13Z</datestamp><setSpec>uge_bcen_RapidILL_BOOK</setSpec><setSpec>uge_aaca_RapidILL_BOOK</setSpec><setSpec>uge_abels_RapidILL_BOOK</setSpec><setSpec>uge_dbu_RapidILL_BOOK</setSpec><setSpec>uge_cmu_RapidILL_BOOK</setSpec><setSpec>uge_mail_RapidILL_BOOK</setSpec><setSpec>UNIGE_ALL</setSpec><setSpec>uge_abbat_RapidILL_BOOK</setSpec><setSpec>uge_aobs_RapidILL_BOOK</setSpec><setSpec>uge_acar_RapidILL_BOOK</setSpec></header><metadata>
<record xmlns="http://www.loc.gov/MARC21/slim" xmlns:xsi="http://www.w3.org/2001/XMLSchema-instance" xsi:schemaLocation="http://www.loc.gov/MARC21/slim http://www.loc.gov/standards/marcxml/schema/MARC21slim.xsd"><leader>01396nam a2200337 c 4500</leader><controlfield tag="001">991000008239705502</controlfield><controlfield tag="005">20230224175901.0</controlfield><controlfield tag="008">201011s1988    xxk||||| |||| 10| ||eng d</controlfield><datafield ind1=" " ind2=" " tag="020"><subfield code="a">025536217X</subfield></datafield><datafield ind1=" " ind2=" " tag="035"><subfield code="a">(swissbib)215063260-41slsp_network</subfield></datafield><datafield ind1=" " ind2=" " tag="035"><subfield code="a">215063260</subfield><subfield code="9">ExL</subfield></datafield><datafield ind1=" " ind2=" " tag="035"><subfield code="a">(RERO)1975675-41slsp</subfield></datafield><datafield ind1=" " ind2=" " tag="035"><subfield code="a">(NEBIS)005917180EBI01</subfield></datafield><datafield ind1=" " ind2=" " tag="035"><subfield code="a">(EXLNZ-41SLSP_NETWORK)991020833819705501</subfield></datafield><datafield ind1=" " ind2=" " tag="040"><subfield code="a">RERO geuieg</subfield><subfield code="d">CH-ZuSLS</subfield></datafield><datafield ind1=" " ind2="7" tag="072"><subfield code="a">se</subfield><subfield code="2">rero</subfield></datafield><datafield ind1=" " ind2="7" tag="072"><subfield code="a">sp</subfield><subfield code="2">rero</subfield></datafield><datafield ind1="1" ind2=" " tag="100"><subfield code="a">Curzon, Victoria</subfield><subfield code="0">(IDREF)033494673</subfield><subfield code="4">cre</subfield></datafield><datafield ind1="1" ind2="0" tag="245"><subfield code="a">1992</subfield><subfield code="b">Europe's last chance ? : From Common Market to single market : nineteenth Wincott Memorial Lecture delivered at the Royal Institution of Chartered Surveyors Thursday, 20 October 1988</subfield><subfield code="c">Victoria Curzon Price</subfield></datafield><datafield ind1=" " ind2="1" tag="264"><subfield code="a">London</subfield><subfield code="b">Institute of Economic Affairs</subfield><subfield code="c">1988</subfield></datafield><datafield ind1=" " ind2=" " tag="300"><subfield code="a">46 p.</subfield><subfield code="b">ill.</subfield><subfield code="c">21 cm</subfield></datafield><datafield ind1=" " ind2=" " tag="336"><subfield code="b">txt</subfield><subfield code="2">rdacontent</subfield></datafield><datafield ind1=" " ind2=" " tag="337"><subfield code="b">n</subfield><subfield code="2">rdamedia</subfield></datafield><datafield ind1=" " ind2=" " tag="338"><subfield code="b">nc</subfield><subfield code="2">rdacarrier</subfield></datafield><datafield ind1="1" ind2=" " tag="490"><subfield code="a">Occasional paper / Institute of Economic Affairs</subfield><subfield code="v">81</subfield></datafield><datafield ind1="2" ind2="7" tag="610"><subfield code="a">Communautés européennes</subfield><subfield code="0">(IDREF)026372274</subfield><subfield code="2">idref</subfield></datafield><datafield ind1=" " ind2="7" tag="650"><subfield code="a">Intégration économique</subfield><subfield code="0">(IDREF)028665198</subfield><subfield code="2">idref</subfield></datafield><datafield ind1=" " ind2="7" tag="651"><subfield code="a">Europe</subfield><subfield code="x">Unité</subfield><subfield code="0">(IDREF)027495892</subfield><subfield code="2">idref</subfield></datafield><datafield ind1="1" ind2=" " tag="700"><subfield code="a">Curzon Price, Victoria</subfield><subfield code="d">1942-</subfield><subfield code="0">(DE-588)123157552</subfield></datafield><datafield ind1="2" ind2=" " tag="711"><subfield code="a">Wincott memorial lectures</subfield><subfield code="n">19</subfield><subfield code="d">1988</subfield><subfield code="0">(RERO)A012508838</subfield></datafield><datafield ind1=" " ind2=" " tag="830"><subfield code="a">Occasional paper</subfield><subfield code="g">Institute of Economic Affairs</subfield><subfield code="v">81</subfield><subfield code="w">(RERO)0396556-41slsp</subfield></datafield><datafield ind1=" " ind2=" " tag="900"><subfield code="a">REROnoselfmerge</subfield></datafield><datafield ind1=" " ind2=" " tag="961"><subfield code="2">gsi</subfield><subfield code="a">339.9</subfield><subfield code="9">LOCAL</subfield></datafield></record>
</metadata></record>