<record><header><identifier>oai:alma.41SLSP_UGE:991000008259705502</identifier><datestamp>2023-03-01T01:09:13Z</datestamp><setSpec>uge_bcen_RapidILL_BOOK</setSpec><setSpec>uge_aaca_RapidILL_BOOK</setSpec><setSpec>uge_abels_RapidILL_BOOK</setSpec><setSpec>uge_dbu_RapidILL_BOOK</setSpec><setSpec>uge_cmu_RapidILL_BOOK</setSpec><setSpec>uge_mail_RapidILL_BOOK</setSpec><setSpec>uge_abbat_RapidILL_BOOK</setSpec><setSpec>UNIGE_ALL</setSpec><setSpec>uge_aobs_RapidILL_BOOK</setSpec><setSpec>uge_acar_RapidILL_BOOK</setSpec></header><metadata>
<record xmlns="http://www.loc.gov/MARC21/slim" xmlns:xsi="http://www.w3.org/2001/XMLSchema-instance" xsi:schemaLocation="http://www.loc.gov/MARC21/slim http://www.loc.gov/standards/marcxml/schema/MARC21slim.xsd"><leader>01626nam a2200349 c 4500</leader><controlfield tag="001">991000008259705502</controlfield><controlfield tag="005">20230228191333.0</controlfield><controlfield tag="008">170906t20172017fr ||||| |||| 00| ||fre d</controlfield><datafield ind1=" " ind2=" " tag="020"><subfield code="a">9782130787181</subfield></datafield><datafield ind1="7" ind2=" " tag="024"><subfield code="a">http://catalogue.bnf.fr/ark:/12148/cb45337763t</subfield><subfield code="2">uri</subfield></datafield><datafield ind1=" " ind2=" " tag="035"><subfield code="a">(swissbib)12413288X-41slsp_network</subfield></datafield><datafield ind1=" " ind2=" " tag="035"><subfield code="a">12413288X</subfield><subfield code="9">ExL</subfield></datafield><datafield ind1=" " ind2=" " tag="035"><subfield code="a">(RERO)R008697880-41slsp</subfield></datafield><datafield ind1=" " ind2=" " tag="035"><subfield code="a">(EXLNZ-41SLSP_NETWORK)991122996139705501</subfield></datafield><datafield ind1=" " ind2=" " tag="040"><subfield code="a">RERO vsheso</subfield><subfield code="d">CH-ZuSLS</subfield></datafield><datafield ind1="1" ind2=" " tag="041"><subfield code="a">fre</subfield><subfield code="h">ger</subfield></datafield><datafield ind1=" " ind2="7" tag="072"><subfield code="a">so</subfield><subfield code="2">rero</subfield></datafield><datafield ind1="7" ind2="4" tag="082"><subfield code="a">100</subfield><subfield code="2">23sdnb</subfield></datafield><datafield ind1="1" ind2=" " tag="100"><subfield code="a">Han, Byung-Chul</subfield><subfield code="d">1959-....</subfield><subfield code="0">(IDREF)125295596</subfield><subfield code="4">aut</subfield></datafield><datafield ind1="1" ind2="0" tag="240"><subfield code="a">Transparenzgesellschaft</subfield></datafield><datafield ind1="1" ind2="0" tag="245"><subfield code="a">&lt;&lt;La&gt;&gt; société de transparence</subfield><subfield code="c">Byung-Chul Han ; traduit de l'allemand par Olivier Mannoni</subfield></datafield><datafield ind1=" " ind2="1" tag="264"><subfield code="a">Paris</subfield><subfield code="b">puf</subfield><subfield code="c">2017</subfield></datafield><datafield ind1=" " ind2=" " tag="300"><subfield code="a">90 pages</subfield></datafield><datafield ind1=" " ind2=" " tag="336"><subfield code="b">txt</subfield><subfield code="2">rdacontent</subfield></datafield><datafield ind1=" " ind2=" " tag="337"><subfield code="b">n</subfield><subfield code="2">rdamedia</subfield></datafield><datafield ind1=" " ind2=" " tag="338"><subfield code="b">nc</subfield><subfield code="2">rdacarrier</subfield></datafield><datafield ind1="8" ind2=" " tag="520"><subfield code="a">&quot;Le philosophe analyse l'impact de la transparence dans la société qui structure tous les aspects de la vie, allant du collectif à l'individuel, du public à l'intime. Il démontre que la recherche de la transparence provoque un changement dans la société où tout doit être intégré dans les flux de communication et dépouillé de ses singularités, et où chaque individu doit s'exposer.&quot; (electre)</subfield><subfield code="5">RERO/njhep-/06.2018/3828</subfield></datafield><datafield ind1=" " ind2="7" tag="650"><subfield code="a">Contrôle social</subfield><subfield code="0">(IDREF)048654914</subfield><subfield code="2">idref</subfield></datafield><datafield ind1=" " ind2="7" tag="650"><subfield code="a">Liberté d'information</subfield><subfield code="0">(IDREF)027615901</subfield><subfield code="2">idref</subfield></datafield><datafield ind1=" " ind2="7" tag="650"><subfield code="a">Sociologie</subfield><subfield code="0">(IDREF)049647490</subfield><subfield code="2">idref</subfield></datafield><datafield ind1=" " ind2="7" tag="650"><subfield code="a">Critique sociologique</subfield><subfield code="0">(IDREF)03534122X</subfield><subfield code="2">idref</subfield></datafield><datafield ind1="1" ind2=" " tag="700"><subfield code="a">Mannoni, Olivier</subfield><subfield code="d">1960-....</subfield><subfield code="0">(IDREF)027006328</subfield><subfield code="4">trl</subfield></datafield><datafield ind1=" " ind2=" " tag="900"><subfield code="a">REROnoselfmerge</subfield></datafield></record>
</metadata></record>