<record><header><identifier>oai:alma.41SLSP_UGE:991000007419705502</identifier><datestamp>2023-03-01T01:09:13Z</datestamp><setSpec>uge_bcen_RapidILL_BOOK</setSpec><setSpec>uge_aaca_RapidILL_BOOK</setSpec><setSpec>uge_abels_RapidILL_BOOK</setSpec><setSpec>uge_dbu_RapidILL_BOOK</setSpec><setSpec>uge_cmu_RapidILL_BOOK</setSpec><setSpec>uge_mail_RapidILL_BOOK</setSpec><setSpec>UNIGE_ALL</setSpec><setSpec>uge_abbat_RapidILL_BOOK</setSpec><setSpec>uge_aobs_RapidILL_BOOK</setSpec><setSpec>uge_acar_RapidILL_BOOK</setSpec></header><metadata>
<record xmlns="http://www.loc.gov/MARC21/slim" xmlns:xsi="http://www.w3.org/2001/XMLSchema-instance" xsi:schemaLocation="http://www.loc.gov/MARC21/slim http://www.loc.gov/standards/marcxml/schema/MARC21slim.xsd"><leader>01207nam a2200325 c 4500</leader><controlfield tag="001">991000007419705502</controlfield><controlfield tag="005">20211030203038.0</controlfield><controlfield tag="008">070725s1946    xxk||||| |||| 00| ||lat d</controlfield><datafield ind1=" " ind2=" " tag="035"><subfield code="a">(swissbib)105635685-41slsp_network</subfield></datafield><datafield ind1=" " ind2=" " tag="035"><subfield code="a">105635685</subfield><subfield code="9">ExL</subfield></datafield><datafield ind1=" " ind2=" " tag="035"><subfield code="a">(RERO)R004517743-41slsp</subfield></datafield><datafield ind1=" " ind2=" " tag="035"><subfield code="a">(EXLNZ-41SLSP_NETWORK)991142504739705501</subfield></datafield><datafield ind1=" " ind2=" " tag="040"><subfield code="a">RERO gefoha</subfield><subfield code="d">CH-ZuSLS</subfield></datafield><datafield ind1="0" ind2=" " tag="041"><subfield code="a">eng</subfield><subfield code="a">lat</subfield></datafield><datafield ind1=" " ind2="7" tag="072"><subfield code="a">la</subfield><subfield code="2">rero</subfield></datafield><datafield ind1="1" ind2=" " tag="100"><subfield code="a">Cicéron</subfield><subfield code="d">0106-0043 av. J.-C.</subfield><subfield code="0">(IDREF)02665234X</subfield><subfield code="4">cre</subfield></datafield><datafield ind1="1" ind2="0" tag="245"><subfield code="a">In Catilinam I-IV</subfield><subfield code="b">Pro Murena ; Pro Sulla ; Pro Flacco</subfield><subfield code="c">Cicero ; transl. by Louis E. Lord</subfield></datafield><datafield ind1=" " ind2="1" tag="264"><subfield code="a">London [etc.]</subfield><subfield code="b">W. Heinemann [etc.]</subfield><subfield code="c">1946</subfield></datafield><datafield ind1=" " ind2=" " tag="300"><subfield code="a">Pp.485</subfield></datafield><datafield ind1=" " ind2=" " tag="336"><subfield code="b">txt</subfield><subfield code="2">rdacontent</subfield></datafield><datafield ind1=" " ind2=" " tag="337"><subfield code="b">n</subfield><subfield code="2">rdamedia</subfield></datafield><datafield ind1=" " ind2=" " tag="338"><subfield code="b">nc</subfield><subfield code="2">rdacarrier</subfield></datafield><datafield ind1="1" ind2=" " tag="490"><subfield code="a">The Loeb classical library</subfield><subfield code="v">324</subfield></datafield><datafield ind1="1" ind2=" " tag="490"><subfield code="a">Cicero in twenty eight volumes</subfield><subfield code="v">10</subfield></datafield><datafield ind1="1" ind2=" " tag="700"><subfield code="a">Lord, Louis Eleazer</subfield><subfield code="d">1875-1957</subfield><subfield code="0">(IDREF)129994626</subfield></datafield><datafield ind1="1" ind2="2" tag="700"><subfield code="a">Cicero, Marcus Tullius</subfield><subfield code="t">Pro Murena</subfield></datafield><datafield ind1="1" ind2="2" tag="700"><subfield code="a">Cicero, Marcus Tullius</subfield><subfield code="t">Pro Sulla</subfield></datafield><datafield ind1="1" ind2="2" tag="700"><subfield code="a">Cicero, Marcus Tullius</subfield><subfield code="t">Pro Flacco</subfield></datafield><datafield ind1=" " ind2="0" tag="830"><subfield code="a">&lt;&lt;The&gt;&gt; Loeb classical library</subfield><subfield code="v">324</subfield><subfield code="w">(RERO)0080366-41slsp</subfield></datafield><datafield ind1="1" ind2=" " tag="800"><subfield code="a">Cicero, Marcus Tullius</subfield><subfield code="t">Cicero in twenty-eight volumes</subfield><subfield code="v">10</subfield><subfield code="w">(RERO)0092930-41slsp</subfield></datafield><datafield ind1=" " ind2=" " tag="900"><subfield code="a">REROnoselfmerge</subfield></datafield></record>
</metadata></record>