<record><header><identifier>oai:alma.41SLSP_UGE:991000008249705502</identifier><datestamp>2024-07-03T00:38:45Z</datestamp><setSpec>uge_bcen_RapidILL_BOOK</setSpec><setSpec>uge_aaca_RapidILL_BOOK</setSpec><setSpec>uge_abels_RapidILL_BOOK</setSpec><setSpec>uge_dbu_RapidILL_BOOK</setSpec><setSpec>uge_cmu_RapidILL_BOOK</setSpec><setSpec>uge_mail_RapidILL_BOOK</setSpec><setSpec>uge_abbat_RapidILL_BOOK</setSpec><setSpec>UNIGE_ALL</setSpec><setSpec>uge_aobs_RapidILL_BOOK</setSpec><setSpec>uge_acar_RapidILL_BOOK</setSpec></header><metadata>
<record xmlns="http://www.loc.gov/MARC21/slim" xmlns:xsi="http://www.w3.org/2001/XMLSchema-instance" xsi:schemaLocation="http://www.loc.gov/MARC21/slim http://www.loc.gov/standards/marcxml/schema/MARC21slim.xsd"><leader>02062nam a2200457uc 4500</leader><controlfield tag="001">991000008249705502</controlfield><controlfield tag="005">20240701114117.0</controlfield><controlfield tag="008">201012s1920    gw            00| | ger d</controlfield><datafield ind1=" " ind2=" " tag="035"><subfield code="a">(swissbib)24130167X-41slsp_network</subfield></datafield><datafield ind1=" " ind2=" " tag="035"><subfield code="a">24130167X</subfield><subfield code="9">ExL</subfield></datafield><datafield ind1=" " ind2=" " tag="035"><subfield code="a">(IDSBB)000681166DSV01</subfield></datafield><datafield ind1=" " ind2=" " tag="035"><subfield code="a">(RERO)0654060-41slsp</subfield></datafield><datafield ind1=" " ind2=" " tag="035"><subfield code="a">(EXLNZ-41SLSP_NETWORK)991015008189705501</subfield></datafield><datafield ind1=" " ind2=" " tag="040"><subfield code="a">SzZuIDS BS/BE A100</subfield><subfield code="b">ger</subfield><subfield code="e">kids</subfield><subfield code="d">CH-ZuSLS</subfield></datafield><datafield ind1="1" ind2=" " tag="041"><subfield code="a">ger</subfield><subfield code="h">grc</subfield></datafield><datafield ind1=" " ind2="7" tag="072"><subfield code="a">th</subfield><subfield code="2">SzZuIDS BS/BE</subfield></datafield><datafield ind1=" " ind2="7" tag="072"><subfield code="a">th</subfield><subfield code="2">rero</subfield></datafield><datafield ind1="1" ind2=" " tag="080"><subfield code="a">22.07HNT</subfield></datafield><datafield ind1="0" ind2=" " tag="100"><subfield code="a">Ignatius</subfield><subfield code="c">Antiochenus</subfield><subfield code="d">-110</subfield><subfield code="6">880-01</subfield><subfield code="0">(DE-588)118555340</subfield><subfield code="4">aut</subfield></datafield><datafield ind1="0" ind2=" " tag="880"><subfield code="6">100-01</subfield><subfield code="a">Ignace</subfield><subfield code="c">saint</subfield><subfield code="d">00..-01..</subfield><subfield code="0">(IDREF)026930072</subfield><subfield code="4">aut</subfield></datafield><datafield ind1="1" ind2="0" tag="240"><subfield code="a">Epistulae</subfield></datafield><datafield ind1="1" ind2="0" tag="245"><subfield code="a">&lt;&lt;Die&gt;&gt; Briefe des Ignatius von Antiochia und der Polykarpbrief</subfield><subfield code="c">[übersetzt und] erklärt von Walter Bauer</subfield></datafield><datafield ind1=" " ind2="1" tag="264"><subfield code="a">Tübingen</subfield><subfield code="b">J.C.B. Mohr</subfield><subfield code="c">1920</subfield></datafield><datafield ind1=" " ind2=" " tag="300"><subfield code="a">S. 186-298</subfield><subfield code="c">25 cm</subfield></datafield><datafield ind1=" " ind2=" " tag="336"><subfield code="b">txt</subfield><subfield code="2">rdacontent</subfield></datafield><datafield ind1=" " ind2=" " tag="337"><subfield code="b">n</subfield><subfield code="2">rdamedia</subfield></datafield><datafield ind1=" " ind2=" " tag="338"><subfield code="b">nc</subfield><subfield code="2">rdacarrier</subfield></datafield><datafield ind1="1" ind2=" " tag="490"><subfield code="a">Handbuch zum Neuen Testament</subfield><subfield code="v">18</subfield></datafield><datafield ind1="1" ind2=" " tag="490"><subfield code="a">Handbuch zum Neuen Testament. Ergänzungsband. Die Apostolischen Väter</subfield><subfield code="v">2</subfield></datafield><datafield ind1="0" ind2="7" tag="600"><subfield code="a">Ignatius</subfield><subfield code="c">Antiochenus</subfield><subfield code="d">-110</subfield><subfield code="t">Epistulae</subfield><subfield code="0">(DE-588)4133080-8</subfield><subfield code="2">gnd</subfield></datafield><datafield ind1="0" ind2="7" tag="600"><subfield code="a">Polycarpus</subfield><subfield code="c">Smyrnaeus</subfield><subfield code="d">-156</subfield><subfield code="t">Epistula ad Philippenses</subfield><subfield code="0">(DE-588)4115593-2</subfield><subfield code="2">gnd</subfield></datafield><datafield ind1="0" ind2="7" tag="600"><subfield code="a">Ignace</subfield><subfield code="c">(d'Antioche</subfield><subfield code="c">saint).</subfield><subfield code="t">Lettres</subfield><subfield code="0">(RERO)A010097926</subfield><subfield code="2">rero</subfield></datafield><datafield ind1="0" ind2="7" tag="600"><subfield code="a">Polycarpe</subfield><subfield code="c">(évêque de Smyrne</subfield><subfield code="c">saint).</subfield><subfield code="t">Lettres</subfield><subfield code="0">(RERO)A010134269</subfield><subfield code="2">rero</subfield></datafield><datafield ind1=" " ind2="7" tag="655"><subfield code="a">Kommentar</subfield><subfield code="2">gnd-content</subfield></datafield><datafield ind1=" " ind2="7" tag="655"><subfield code="a">Commentaire de texte</subfield><subfield code="0">(IDREF)27790681</subfield><subfield code="2">idref</subfield></datafield><datafield ind1="1" ind2=" " tag="700"><subfield code="a">Bauer, Walter</subfield><subfield code="d">1877-1960</subfield><subfield code="6">880-02</subfield><subfield code="0">(DE-588)119513366</subfield><subfield code="4">trl</subfield><subfield code="4">cmm</subfield></datafield><datafield ind1="1" ind2=" " tag="880"><subfield code="6">700-02/(B</subfield><subfield code="a">Bauer, Walter</subfield><subfield code="d">1877-1960</subfield><subfield code="0">(IDREF)029155991</subfield><subfield code="4">trl</subfield><subfield code="4">com</subfield></datafield><datafield ind1="0" ind2="2" tag="700"><subfield code="a">Polycarpus</subfield><subfield code="c">Smyrnaeus</subfield><subfield code="d">-156</subfield><subfield code="t">Epistula ad Philippenses</subfield><subfield code="4">aut</subfield><subfield code="0">(DE-588)4115593-2</subfield></datafield><datafield ind1=" " ind2=" " tag="830"><subfield code="a">Handbuch zum Neuen Testament</subfield><subfield code="v">18</subfield><subfield code="w">(IDSBB)000134997DSV01</subfield></datafield><datafield ind1=" " ind2=" " tag="830"><subfield code="a">Handbuch zum Neuen Testament</subfield><subfield code="p">Ergänzungsband</subfield><subfield code="p">Die Apostolischen Väter</subfield><subfield code="v">2</subfield><subfield code="w">(IDSBB)000135202DSV01</subfield></datafield><datafield ind1=" " ind2=" " tag="830"><subfield code="a">Handbuch zum Neuen Testament</subfield><subfield code="v">18</subfield><subfield code="w">(RERO)0566171-41slsp</subfield></datafield><datafield ind1=" " ind2=" " tag="900"><subfield code="a">REROnoselfmerge</subfield></datafield></record>
</metadata></record>