<record><header><identifier>oai:alma.41SLSP_UGE:991000008169705502</identifier><datestamp>2024-10-13T00:06:59Z</datestamp><setSpec>uge_bcen_RapidILL_BOOK</setSpec><setSpec>uge_aaca_RapidILL_BOOK</setSpec><setSpec>uge_abels_RapidILL_BOOK</setSpec><setSpec>uge_dbu_RapidILL_BOOK</setSpec><setSpec>uge_cmu_RapidILL_BOOK</setSpec><setSpec>uge_mail_RapidILL_BOOK</setSpec><setSpec>UNIGE_ALL</setSpec><setSpec>uge_abbat_RapidILL_BOOK</setSpec><setSpec>uge_acar_RapidILL_BOOK</setSpec><setSpec>uge_aobs_RapidILL_BOOK</setSpec></header><metadata>
<record xmlns="http://www.loc.gov/MARC21/slim" xmlns:xsi="http://www.w3.org/2001/XMLSchema-instance" xsi:schemaLocation="http://www.loc.gov/MARC21/slim http://www.loc.gov/standards/marcxml/schema/MARC21slim.xsd"><leader>03764nam a2200925 c 4500</leader><controlfield tag="001">991000008169705502</controlfield><controlfield tag="005">20230619203031.0</controlfield><controlfield tag="007">tu</controlfield><controlfield tag="008">201012t20172017gw ||||| |||| 10| ||ger| </controlfield><datafield ind1=" " ind2=" " tag="015"><subfield code="a">17,A46</subfield><subfield code="2">dnb</subfield></datafield><datafield ind1="7" ind2=" " tag="016"><subfield code="a">114256682X</subfield><subfield code="2">DE-101</subfield></datafield><datafield ind1=" " ind2=" " tag="020"><subfield code="a">357905998X</subfield></datafield><datafield ind1=" " ind2=" " tag="020"><subfield code="a">9783579059983</subfield><subfield code="q">pbk.</subfield><subfield code="c">EUR 72.00</subfield></datafield><datafield ind1=" " ind2=" " tag="035"><subfield code="a">(swissbib)236822314-41slsp_network</subfield></datafield><datafield ind1=" " ind2=" " tag="035"><subfield code="a">236822314</subfield><subfield code="9">ExL</subfield></datafield><datafield ind1=" " ind2=" " tag="035"><subfield code="a">(NEBIS)011083685EBI01</subfield></datafield><datafield ind1=" " ind2=" " tag="035"><subfield code="a">(IDSBB)006754731DSV01</subfield></datafield><datafield ind1=" " ind2=" " tag="035"><subfield code="a">(IDSLU)001300730ILU01</subfield></datafield><datafield ind1=" " ind2=" " tag="035"><subfield code="a">(RERO)R008728611-41slsp</subfield></datafield><datafield ind1=" " ind2=" " tag="035"><subfield code="a">(OCoLC)1007762702</subfield></datafield><datafield ind1=" " ind2=" " tag="035"><subfield code="a">(DE-599)DNB114256682X</subfield></datafield><datafield ind1=" " ind2=" " tag="035"><subfield code="a">(DE-601)1002190592</subfield></datafield><datafield ind1=" " ind2=" " tag="035"><subfield code="a">(EXLNZ-41SLSP_NETWORK)991045457119705501</subfield></datafield><datafield ind1=" " ind2=" " tag="040"><subfield code="a">1180</subfield><subfield code="b">ger</subfield><subfield code="e">rda</subfield><subfield code="d">CH-ZuSLS</subfield></datafield><datafield ind1="0" ind2=" " tag="041"><subfield code="a">ger</subfield><subfield code="a">fre</subfield></datafield><datafield ind1=" " ind2=" " tag="044"><subfield code="c">XA-DE</subfield></datafield><datafield ind1=" " ind2="7" tag="072"><subfield code="a">780</subfield><subfield code="2">IDS LU</subfield></datafield><datafield ind1=" " ind2="7" tag="072"><subfield code="a">th</subfield><subfield code="2">rero</subfield></datafield><datafield ind1="0" ind2="4" tag="082"><subfield code="a">274.06</subfield><subfield code="2">22/ger</subfield><subfield code="q">DE-101</subfield></datafield><datafield ind1="1" ind2="4" tag="082"><subfield code="a">274.06</subfield><subfield code="2">22/ger</subfield><subfield code="8">1\u</subfield><subfield code="q">DE-101</subfield></datafield><datafield ind1="1" ind2="4" tag="082"><subfield code="a">230</subfield><subfield code="2">15</subfield></datafield><datafield ind1="1" ind2="4" tag="082"><subfield code="a">940</subfield><subfield code="2">15</subfield></datafield><datafield ind1="7" ind2="4" tag="082"><subfield code="a">230</subfield><subfield code="2">23sdnb</subfield></datafield><datafield ind1="7" ind2="4" tag="082"><subfield code="a">940</subfield><subfield code="2">23sdnb</subfield></datafield><datafield ind1="0" ind2=" " tag="083"><subfield code="a">940.25</subfield><subfield code="q">DE-101</subfield><subfield code="2">22/ger</subfield></datafield><datafield ind1="7" ind2=" " tag="083"><subfield code="a">230</subfield><subfield code="a">940</subfield><subfield code="q">DE-101</subfield><subfield code="2">23sdnb</subfield></datafield><datafield ind1=" " ind2=" " tag="084"><subfield code="a">230</subfield><subfield code="2">sdnb</subfield></datafield><datafield ind1=" " ind2=" " tag="084"><subfield code="a">940</subfield><subfield code="2">sdnb</subfield></datafield><datafield ind1=" " ind2=" " tag="084"><subfield code="a">NN 5000</subfield><subfield code="2">rvk</subfield></datafield><datafield ind1=" " ind2=" " tag="084"><subfield code="a">230</subfield><subfield code="2">sdnb</subfield><subfield code="a">940</subfield></datafield><datafield ind1=" " ind2=" " tag="084"><subfield code="a">BO 5350</subfield><subfield code="2">rvk</subfield></datafield><datafield ind1=" " ind2=" " tag="084"><subfield code="a">230</subfield><subfield code="a">940</subfield><subfield code="2">sdnb</subfield></datafield><datafield ind1=" " ind2=" " tag="085"><subfield code="b">274</subfield></datafield><datafield ind1=" " ind2=" " tag="085"><subfield code="s">270.6</subfield></datafield><datafield ind1=" " ind2=" " tag="085"><subfield code="b">940.25</subfield></datafield><datafield ind1="2" ind2=" " tag="111"><subfield code="a">&lt;&lt;Das&gt;&gt; Bild der Reformation in der Aufklärung</subfield><subfield code="g">Veranstaltung</subfield><subfield code="d">2015</subfield><subfield code="c">Heidelberg</subfield><subfield code="0">(DE-588)1142537005</subfield></datafield><datafield ind1="1" ind2="0" tag="245"><subfield code="a">&lt;&lt;Das&gt;&gt; Bild der Reformation in der Aufklärung</subfield><subfield code="c">herausgegeben von Wolf-Friedrich Schäufele und Christoph Strohm</subfield></datafield><datafield ind1=" " ind2=" " tag="250"><subfield code="a">1. Auflage</subfield></datafield><datafield ind1=" " ind2="1" tag="264"><subfield code="a">Gütersloh</subfield><subfield code="b">Gütersloher Verlagshaus</subfield><subfield code="c">[2017]</subfield></datafield><datafield ind1=" " ind2="4" tag="264"><subfield code="c">© 2017</subfield></datafield><datafield ind1=" " ind2=" " tag="300"><subfield code="a">397 Seiten</subfield><subfield code="b">Illustrationen</subfield><subfield code="c">23 cm</subfield></datafield><datafield ind1=" " ind2=" " tag="336"><subfield code="b">txt</subfield><subfield code="2">rdacontent</subfield></datafield><datafield ind1=" " ind2=" " tag="337"><subfield code="b">n</subfield><subfield code="2">rdamedia</subfield></datafield><datafield ind1=" " ind2=" " tag="338"><subfield code="b">nc</subfield><subfield code="2">rdacarrier</subfield></datafield><datafield ind1="1" ind2=" " tag="490"><subfield code="a">Schriften des Vereins für Reformationsgeschichte</subfield><subfield code="v">Band 218</subfield></datafield><datafield ind1=" " ind2=" " tag="500"><subfield code="a">Index Seite 388-397</subfield></datafield><datafield ind1=" " ind2=" " tag="500"><subfield code="a">Beiträge des wissenschaftlichen Symposiums &quot;Das Bild der Reformation in der Aufklärung &quot; vom 8. bis 10. Oktober 2015 im Internationalen Wissenschaftsforum der Ruprecht-Karls-Universität Heidelberg</subfield></datafield><datafield ind1=" " ind2=" " tag="546"><subfield code="a">Beiträge vorwiegend deutsch, ein Beitrag französisch</subfield></datafield><datafield ind1=" " ind2="0" tag="650"><subfield code="a">Enlightenment</subfield><subfield code="v">Congresses</subfield></datafield><datafield ind1=" " ind2="0" tag="650"><subfield code="a">Reformation</subfield><subfield code="x">Influence</subfield><subfield code="v">Congresses</subfield></datafield><datafield ind1=" " ind2="7" tag="650"><subfield code="a">Aufklärung</subfield><subfield code="0">(DE-588)4003524-4</subfield><subfield code="2">gnd</subfield></datafield><datafield ind1=" " ind2="7" tag="650"><subfield code="a">Reformation</subfield><subfield code="0">(DE-588)4048946-2</subfield><subfield code="2">gnd</subfield></datafield><datafield ind1=" " ind2="7" tag="650"><subfield code="a">Rezeption</subfield><subfield code="0">(DE-588)4049716-1</subfield><subfield code="2">gnd</subfield></datafield><datafield ind1=" " ind2="7" tag="650"><subfield code="a">Geschichtsbild</subfield><subfield code="0">(DE-588)4071769-0</subfield><subfield code="2">gnd</subfield></datafield><datafield ind1=" " ind2="7" tag="650"><subfield code="a">Mouvement des Lumières</subfield><subfield code="0">(IDREF)027343049</subfield><subfield code="2">idref</subfield></datafield><datafield ind1=" " ind2="7" tag="650"><subfield code="a">Réforme protestante</subfield><subfield code="0">(IDREF)027341836</subfield><subfield code="2">idref</subfield></datafield><datafield ind1=" " ind2="7" tag="650"><subfield code="a">Représentation mentale</subfield><subfield code="0">(IDREF)032054858</subfield><subfield code="2">idref</subfield></datafield><datafield ind1=" " ind2="7" tag="655"><subfield code="a">Konferenzschrift</subfield><subfield code="y">2015</subfield><subfield code="z">Heidelberg</subfield><subfield code="2">gnd-content</subfield></datafield><datafield ind1=" " ind2="7" tag="655"><subfield code="a">Actes de congrès</subfield><subfield code="0">(IDREF)02886431X</subfield><subfield code="2">idref</subfield></datafield><datafield ind1=" " ind2="7" tag="655"><subfield code="a">Atti di congressi</subfield><subfield code="2">sbt12-content</subfield></datafield><datafield ind1=" " ind2="7" tag="655"><subfield code="a">[Études diverses]</subfield><subfield code="0">(RERO)A022249905</subfield><subfield code="2">rero</subfield></datafield><datafield ind1="1" ind2=" " tag="700"><subfield code="a">Strohm, Christoph</subfield><subfield code="d">1958-</subfield><subfield code="6">880-04</subfield><subfield code="0">(DE-588)112175635</subfield><subfield code="4">edt</subfield></datafield><datafield ind1="1" ind2=" " tag="880"><subfield code="6">700-04/(B</subfield><subfield code="a">Strohm, Christoph</subfield><subfield code="d">1958-....</subfield><subfield code="0">(IDREF)068875428</subfield><subfield code="4">edt</subfield></datafield><datafield ind1="1" ind2=" " tag="700"><subfield code="a">Schäufele, Wolf-Friedrich</subfield><subfield code="d">1967-</subfield><subfield code="6">880-03</subfield><subfield code="0">(DE-588)13210055X</subfield><subfield code="4">edt</subfield></datafield><datafield ind1="1" ind2=" " tag="880"><subfield code="6">700-03</subfield><subfield code="a">Schäufele, Wolf-Friedrich</subfield><subfield code="d">1967</subfield><subfield code="0">(IDREF)052516997</subfield><subfield code="4">edt</subfield></datafield><datafield ind1="4" ind2=" " tag="856"><subfield code="3">Titelblatt und Inhaltsverzeichnis</subfield><subfield code="u">https://toc.library.ethz.ch/objects/pdf03/z01_978-3-579-05998-3_01.pdf</subfield><subfield code="q">pdf</subfield></datafield><datafield ind1=" " ind2="0" tag="830"><subfield code="a">Schriften des Vereins für Reformationsgeschichte</subfield><subfield code="v">218</subfield><subfield code="w">991156286459705501</subfield></datafield><datafield ind1=" " ind2="0" tag="830"><subfield code="a">Schriften des Vereins für Reformationsgeschichte</subfield><subfield code="v">218</subfield><subfield code="w">(IDSLU)000309173ILU01</subfield></datafield><datafield ind1=" " ind2=" " tag="900"><subfield code="a">IDSZ2zbzmon201803l</subfield><subfield code="c">IDSZ2blan</subfield><subfield code="d">IDSZ2zbzswk201804g</subfield><subfield code="e">IDSZ2schu</subfield></datafield><datafield ind1=" " ind2=" " tag="900"><subfield code="a">Stoppsignal FRED</subfield></datafield><datafield ind1=" " ind2=" " tag="949"><subfield code="a">https://toc.library.ethz.ch/objects/pdf03/z01_978-3-579-05998-3_01.pdf</subfield></datafield><datafield ind1=" " ind2=" " tag="993"><subfield code="a">IHR L 1933</subfield><subfield code="x">ge/uihr/5850</subfield><subfield code="9">LOCAL</subfield></datafield></record>
</metadata></record>