<record><header><identifier>oai:alma.41SLSP_UGE:991000007439705502</identifier><datestamp>2023-07-03T00:42:28Z</datestamp><setSpec>uge_bcen_RapidILL_BOOK</setSpec><setSpec>uge_aaca_RapidILL_BOOK</setSpec><setSpec>uge_abels_RapidILL_BOOK</setSpec><setSpec>uge_dbu_RapidILL_BOOK</setSpec><setSpec>uge_cmu_RapidILL_BOOK</setSpec><setSpec>uge_mail_RapidILL_BOOK</setSpec><setSpec>uge_abbat_RapidILL_BOOK</setSpec><setSpec>UNIGE_ALL</setSpec><setSpec>uge_aobs_RapidILL_BOOK</setSpec><setSpec>uge_acar_RapidILL_BOOK</setSpec></header><metadata>
<record xmlns="http://www.loc.gov/MARC21/slim" xmlns:xsi="http://www.w3.org/2001/XMLSchema-instance" xsi:schemaLocation="http://www.loc.gov/MARC21/slim http://www.loc.gov/standards/marcxml/schema/MARC21slim.xsd"><leader>01245nam a2200289 c 4500</leader><controlfield tag="001">991000007439705502</controlfield><controlfield tag="005">20211031205441.0</controlfield><controlfield tag="008">910704s1991    it ||||| |||| 00| ||ita d</controlfield><datafield ind1=" " ind2=" " tag="035"><subfield code="a">(swissbib)085706582-41slsp_network</subfield></datafield><datafield ind1=" " ind2=" " tag="035"><subfield code="a">085706582</subfield><subfield code="9">ExL</subfield></datafield><datafield ind1=" " ind2=" " tag="035"><subfield code="a">(RERO)1400053-41slsp</subfield></datafield><datafield ind1=" " ind2=" " tag="035"><subfield code="a">(EXLNZ-41SLSP_NETWORK)991042602359705501</subfield></datafield><datafield ind1=" " ind2=" " tag="040"><subfield code="a">RERO gevbpu</subfield><subfield code="d">CH-ZuSLS</subfield></datafield><datafield ind1=" " ind2="7" tag="072"><subfield code="a">it</subfield><subfield code="2">rero</subfield></datafield><datafield ind1="0" ind2="0" tag="245"><subfield code="a">Miscellanea di studi in onore di Marco Pecoraro</subfield><subfield code="c">a cura di Bianca Maria Da Rif e Claudio Griggio.</subfield><subfield code="n">1</subfield><subfield code="p">Da Dante al Manzoni</subfield></datafield><datafield ind1=" " ind2="1" tag="264"><subfield code="a">Firenze</subfield><subfield code="b">L.S. Olschki</subfield><subfield code="c">1991</subfield></datafield><datafield ind1=" " ind2=" " tag="300"><subfield code="a">X, 395 p.</subfield><subfield code="b">ill.</subfield><subfield code="c">26 cm</subfield></datafield><datafield ind1=" " ind2=" " tag="336"><subfield code="b">txt</subfield><subfield code="2">rdacontent</subfield></datafield><datafield ind1=" " ind2=" " tag="337"><subfield code="b">n</subfield><subfield code="2">rdamedia</subfield></datafield><datafield ind1=" " ind2=" " tag="338"><subfield code="b">nc</subfield><subfield code="2">rdacarrier</subfield></datafield><datafield ind1="1" ind2=" " tag="490"><subfield code="a">Miscellanea di studi in onore di Marco Pecoraro</subfield><subfield code="v">1</subfield></datafield><datafield ind1="1" ind2=" " tag="490"><subfield code="a">Biblioteca dell'&quot;Archivum Romanicum&quot;.</subfield><subfield code="a">Serie 1, Storia, letteratura, paleografia</subfield><subfield code="v">Vol. 240</subfield></datafield><datafield ind1="0" ind2="7" tag="600"><subfield code="a">Dante Alighieri</subfield><subfield code="d">1265-1321</subfield><subfield code="0">(IDREF)026811081</subfield><subfield code="2">idref</subfield></datafield><datafield ind1="1" ind2="7" tag="600"><subfield code="a">Manzoni, Alessandro</subfield><subfield code="d">1785-1873</subfield><subfield code="0">(IDREF)027006956</subfield><subfield code="2">idref</subfield></datafield><datafield ind1=" " ind2="7" tag="655"><subfield code="a">[Études diverses]</subfield><subfield code="0">(RERO)A022249905</subfield><subfield code="2">rero</subfield></datafield><datafield ind1=" " ind2=" " tag="830"><subfield code="a">Biblioteca dell'&quot;Archivum Romanicum&quot;</subfield><subfield code="p">Serie 1, Storia, letteratura, paleografia</subfield><subfield code="v">240</subfield><subfield code="w">(RERO)0013947-41slsp</subfield></datafield><datafield ind1=" " ind2=" " tag="830"><subfield code="a">Miscellanea di studi in onore di Marco Pecoraro</subfield><subfield code="v">1</subfield><subfield code="w">(RERO)1400049-41slsp</subfield></datafield><datafield ind1=" " ind2=" " tag="900"><subfield code="a">REROnoselfmerge</subfield></datafield><datafield ind1=" " ind2=" " tag="993"><subfield code="a">BFLB 10756/1</subfield><subfield code="x">ge/ulit/a/91/338</subfield><subfield code="9">LOCAL</subfield></datafield></record>
</metadata></record>