<record><header><identifier>oai:alma.41SLSP_UGE:991000007959705502</identifier><datestamp>2024-10-16T00:20:14Z</datestamp><setSpec>uge_bcen_RapidILL_BOOK</setSpec><setSpec>uge_aaca_RapidILL_BOOK</setSpec><setSpec>uge_abels_RapidILL_BOOK</setSpec><setSpec>uge_dbu_RapidILL_BOOK</setSpec><setSpec>uge_cmu_RapidILL_BOOK</setSpec><setSpec>uge_mail_RapidILL_BOOK</setSpec><setSpec>uge_abbat_RapidILL_BOOK</setSpec><setSpec>UNIGE_ALL</setSpec><setSpec>uge_aobs_RapidILL_BOOK</setSpec><setSpec>uge_acar_RapidILL_BOOK</setSpec></header><metadata>
<record xmlns="http://www.loc.gov/MARC21/slim" xmlns:xsi="http://www.w3.org/2001/XMLSchema-instance" xsi:schemaLocation="http://www.loc.gov/MARC21/slim http://www.loc.gov/standards/marcxml/schema/MARC21slim.xsd"><leader>01733nam a2200469 c 4500</leader><controlfield tag="001">991000007959705502</controlfield><controlfield tag="005">20230410202714.0</controlfield><controlfield tag="008">201011s2012    it       |||| 000 0 ita|d</controlfield><datafield ind1=" " ind2=" " tag="010"><subfield code="a">2012442427</subfield></datafield><datafield ind1=" " ind2=" " tag="020"><subfield code="a">9788846733658</subfield></datafield><datafield ind1=" " ind2=" " tag="020"><subfield code="a">8846733657</subfield></datafield><datafield ind1=" " ind2=" " tag="035"><subfield code="a">(swissbib)231153627-41slsp_network</subfield></datafield><datafield ind1=" " ind2=" " tag="035"><subfield code="a">231153627</subfield><subfield code="9">ExL</subfield></datafield><datafield ind1=" " ind2=" " tag="035"><subfield code="a">(IDSBB)006492750DSV01</subfield></datafield><datafield ind1=" " ind2=" " tag="035"><subfield code="a">(RERO)R007184985-41slsp</subfield></datafield><datafield ind1=" " ind2=" " tag="035"><subfield code="a">(OCoLC)811003774</subfield></datafield><datafield ind1=" " ind2=" " tag="035"><subfield code="a">(EXLNZ-41SLSP_NETWORK)991042740889705501</subfield></datafield><datafield ind1=" " ind2=" " tag="040"><subfield code="a">ItFiC</subfield><subfield code="b">ger</subfield><subfield code="e">rda</subfield><subfield code="d">CH-ZuSLS</subfield></datafield><datafield ind1=" " ind2=" " tag="042"><subfield code="a">lccopycat</subfield></datafield><datafield ind1=" " ind2=" " tag="045"><subfield code="a">w1w9</subfield><subfield code="a">x0x4</subfield></datafield><datafield ind1=" " ind2="0" tag="050"><subfield code="a">PQ4841.C482</subfield><subfield code="b">C635 2012</subfield></datafield><datafield ind1=" " ind2="7" tag="072"><subfield code="a">it</subfield><subfield code="2">rero</subfield></datafield><datafield ind1="0" ind2="4" tag="082"><subfield code="a">853</subfield><subfield code="2">21</subfield></datafield><datafield ind1="1" ind2=" " tag="100"><subfield code="a">Curti, Luca</subfield><subfield code="d">1948-</subfield><subfield code="0">(DE-588)1191863395</subfield><subfield code="4">aut</subfield><subfield code="6">880-01</subfield></datafield><datafield ind1="1" ind2=" " tag="880"><subfield code="6">100-01</subfield><subfield code="a">Curti, Luca</subfield><subfield code="0">(IDREF)031637590</subfield><subfield code="4">cre</subfield></datafield><datafield ind1="1" ind2="0" tag="245"><subfield code="a">Svevo romanziere</subfield><subfield code="b">ottimismo, pseudo-Weininger, inettitudine</subfield><subfield code="c">Luca Curti</subfield></datafield><datafield ind1=" " ind2="1" tag="264"><subfield code="a">Pisa</subfield><subfield code="b">Edizioni ETS</subfield><subfield code="c">2012</subfield></datafield><datafield ind1=" " ind2=" " tag="300"><subfield code="a">78 Seiten</subfield><subfield code="c">22 cm</subfield></datafield><datafield ind1=" " ind2=" " tag="336"><subfield code="b">txt</subfield><subfield code="2">rdacontent</subfield></datafield><datafield ind1=" " ind2=" " tag="337"><subfield code="b">n</subfield><subfield code="2">rdamedia</subfield></datafield><datafield ind1=" " ind2=" " tag="338"><subfield code="b">nc</subfield><subfield code="2">rdacarrier</subfield></datafield><datafield ind1="1" ind2=" " tag="490"><subfield code="a">Letteratura italiana</subfield><subfield code="v">21</subfield></datafield><datafield ind1=" " ind2=" " tag="504"><subfield code="a">Includes bibliographical references</subfield></datafield><datafield ind1="1" ind2="7" tag="600"><subfield code="a">Svevo, Italo</subfield><subfield code="d">1861-1928</subfield><subfield code="0">(DE-588)118758012</subfield><subfield code="2">gnd</subfield></datafield><datafield ind1="1" ind2="0" tag="600"><subfield code="a">Svevo, Italo</subfield><subfield code="d">1861-1928</subfield><subfield code="t">Coscienza di Zeno</subfield></datafield><datafield ind1="1" ind2="0" tag="600"><subfield code="a">Svevo, Italo</subfield><subfield code="d">1861-1928.</subfield><subfield code="t">Coscienza di Zeno</subfield></datafield><datafield ind1="1" ind2="7" tag="600"><subfield code="a">Svevo, Italo</subfield><subfield code="d">1861-1928</subfield><subfield code="t">&lt;&lt;La &gt;&gt;coscienza di Zeno</subfield><subfield code="0">(IDREF)028645154</subfield><subfield code="2">idref</subfield></datafield><datafield ind1="0" ind2="7" tag="630"><subfield code="a">Coscienza di Zeno (Svevo, Italo)</subfield><subfield code="2">fast</subfield></datafield><datafield ind1=" " ind2="7" tag="650"><subfield code="a">Roman</subfield><subfield code="0">(DE-588)4050479-7</subfield><subfield code="2">gnd</subfield></datafield><datafield ind1="4" ind2="1" tag="856"><subfield code="3">Table of contents</subfield><subfield code="u">http://catdir.loc.gov/catdir/toc/casalini10/12642681.pdf</subfield><subfield code="x">02.12.2016/B498/B-dch</subfield></datafield><datafield ind1=" " ind2="0" tag="830"><subfield code="a">Letteratura italiana</subfield><subfield code="p">ETS</subfield><subfield code="v">21</subfield><subfield code="w">(IDSBB)000786518DSV01</subfield></datafield><datafield ind1=" " ind2=" " tag="900"><subfield code="a">Stoppsignal FRED</subfield></datafield><datafield ind1=" " ind2=" " tag="949"><subfield code="a">http://catdir.loc.gov/catdir/toc/casalini10/12642681.pdf</subfield></datafield><datafield ind1=" " ind2=" " tag="993"><subfield code="a">BFLA 243022</subfield><subfield code="x">ge/ulit/a/13/166</subfield><subfield code="9">LOCAL</subfield></datafield></record>
</metadata></record>