<record><header><identifier>oai:alma.41SLSP_UGE:991000007849705502</identifier><datestamp>2023-03-01T01:09:13Z</datestamp><setSpec>uge_bcen_RapidILL_BOOK</setSpec><setSpec>uge_aaca_RapidILL_BOOK</setSpec><setSpec>uge_abels_RapidILL_BOOK</setSpec><setSpec>uge_dbu_RapidILL_BOOK</setSpec><setSpec>uge_cmu_RapidILL_BOOK</setSpec><setSpec>uge_mail_RapidILL_BOOK</setSpec><setSpec>UNIGE_ALL</setSpec><setSpec>uge_abbat_RapidILL_BOOK</setSpec><setSpec>uge_aobs_RapidILL_BOOK</setSpec><setSpec>uge_acar_RapidILL_BOOK</setSpec></header><metadata>
<record xmlns="http://www.loc.gov/MARC21/slim" xmlns:xsi="http://www.w3.org/2001/XMLSchema-instance" xsi:schemaLocation="http://www.loc.gov/MARC21/slim http://www.loc.gov/standards/marcxml/schema/MARC21slim.xsd"><leader>01562nam a22003857c 4500</leader><controlfield tag="001">991000007849705502</controlfield><controlfield tag="005">20201222204745.0</controlfield><controlfield tag="008">110810s1998    cc ||||| |||| 00| ||chi d</controlfield><datafield ind1=" " ind2=" " tag="020"><subfield code="a">7020023452</subfield></datafield><datafield ind1=" " ind2=" " tag="020"><subfield code="a">9787020023455</subfield></datafield><datafield ind1=" " ind2=" " tag="035"><subfield code="a">(swissbib)114107114-41slsp_network</subfield></datafield><datafield ind1=" " ind2=" " tag="035"><subfield code="a">114107114</subfield><subfield code="9">ExL</subfield></datafield><datafield ind1=" " ind2=" " tag="035"><subfield code="a">(RERO)R006122967-41slsp</subfield></datafield><datafield ind1=" " ind2=" " tag="035"><subfield code="a">(EXLNZ-41SLSP_NETWORK)991060817679705501</subfield></datafield><datafield ind1=" " ind2=" " tag="040"><subfield code="a">ZCU</subfield><subfield code="d">CH-ZuSLS</subfield></datafield><datafield ind1=" " ind2="0" tag="050"><subfield code="a">PL2919.C8885</subfield><subfield code="b">Z4363 1997</subfield></datafield><datafield ind1=" " ind2="7" tag="072"><subfield code="a">zz</subfield><subfield code="2">rero</subfield></datafield><datafield ind1="0" ind2="4" tag="082"><subfield code="a">895.1/352</subfield><subfield code="2">22</subfield></datafield><datafield ind1="1" ind2=" " tag="100"><subfield code="6">880-01</subfield><subfield code="a">Wang, Zhongyu</subfield><subfield code="d">1927-</subfield><subfield code="0">(RERO)A019022187</subfield><subfield code="4">cre</subfield></datafield><datafield ind1="0" ind2=" " tag="880"><subfield code="6">100-01/$1</subfield><subfield code="a">王忠瑜</subfield><subfield code="d">1927-</subfield></datafield><datafield ind1="1" ind2="0" tag="245"><subfield code="6">880-02</subfield><subfield code="a">Zhao Shangzhi</subfield><subfield code="c">Wang Zhongyu</subfield></datafield><datafield ind1="1" ind2="0" tag="880"><subfield code="6">245-02/$1</subfield><subfield code="a">赵尚志</subfield><subfield code="c">王忠瑜</subfield></datafield><datafield ind1="1" ind2=" " tag="246"><subfield code="a">Half title: 抗联英雄三部曲之一</subfield></datafield><datafield ind1=" " ind2=" " tag="250"><subfield code="6">880-03</subfield><subfield code="a">Xiudingben</subfield></datafield><datafield ind1=" " ind2=" " tag="880"><subfield code="6">250-03/$1</subfield><subfield code="a">修订本</subfield></datafield><datafield ind1=" " ind2="1" tag="264"><subfield code="6">880-04</subfield><subfield code="a">Beijing</subfield><subfield code="b">Ren min wen xue chu ban she</subfield><subfield code="c">1987</subfield></datafield><datafield ind1=" " ind2="1" tag="880"><subfield code="6">264-04/$1</subfield><subfield code="a">北京</subfield><subfield code="b">人民文学出版社</subfield><subfield code="c">1997</subfield></datafield><datafield ind1=" " ind2=" " tag="300"><subfield code="a">2 vol., [1] leaf of plates</subfield><subfield code="b">ports.</subfield><subfield code="c">21 cm</subfield></datafield><datafield ind1=" " ind2=" " tag="336"><subfield code="b">txt</subfield><subfield code="2">rdacontent</subfield></datafield><datafield ind1=" " ind2=" " tag="337"><subfield code="b">n</subfield><subfield code="2">rdamedia</subfield></datafield><datafield ind1=" " ind2=" " tag="338"><subfield code="b">nc</subfield><subfield code="2">rdacarrier</subfield></datafield><datafield ind1="0" ind2=" " tag="505"><subfield code="6">880-05</subfield><subfield code="a">Vol. 1. Zhongguo de Xia Boyang -- Vol. 2. Zong si ling di bei ju</subfield></datafield><datafield ind1="0" ind2=" " tag="880"><subfield code="6">505-05/$1</subfield><subfield code="a">v. 1. 中国的夏伯阳 -- v. 2. 总司令的悲剧</subfield></datafield><datafield ind1="1" ind2="0" tag="600"><subfield code="a">Zhao, Shangzhi</subfield><subfield code="v">Fiction</subfield></datafield><datafield ind1=" " ind2=" " tag="900"><subfield code="a">REROnoselfmerge</subfield></datafield><datafield ind1=" " ind2=" " tag="910"><subfield code="a">OCoLC</subfield><subfield code="b">20110810</subfield><subfield code="c">Droits réservés</subfield></datafield></record>
</metadata></record>