<record><header><identifier>oai:alma.41SLSP_UGE:991000008159705502</identifier><datestamp>2023-04-09T00:58:06Z</datestamp><setSpec>uge_bcen_RapidILL_BOOK</setSpec><setSpec>uge_aaca_RapidILL_BOOK</setSpec><setSpec>uge_abels_RapidILL_BOOK</setSpec><setSpec>uge_dbu_RapidILL_BOOK</setSpec><setSpec>uge_cmu_RapidILL_BOOK</setSpec><setSpec>uge_mail_RapidILL_BOOK</setSpec><setSpec>UNIGE_ALL</setSpec><setSpec>uge_abbat_RapidILL_BOOK</setSpec><setSpec>uge_acar_RapidILL_BOOK</setSpec><setSpec>uge_aobs_RapidILL_BOOK</setSpec></header><metadata>
<record xmlns="http://www.loc.gov/MARC21/slim" xmlns:xsi="http://www.w3.org/2001/XMLSchema-instance" xsi:schemaLocation="http://www.loc.gov/MARC21/slim http://www.loc.gov/standards/marcxml/schema/MARC21slim.xsd"><leader>01506nam a2200397uc 4500</leader><controlfield tag="001">991000008159705502</controlfield><controlfield tag="005">20230408061902.0</controlfield><controlfield tag="008">201011s1990    gw            00| | grc d</controlfield><datafield ind1=" " ind2=" " tag="020"><subfield code="a">3438051303</subfield></datafield><datafield ind1=" " ind2=" " tag="035"><subfield code="a">(swissbib)231227787-41slsp_network</subfield></datafield><datafield ind1=" " ind2=" " tag="035"><subfield code="a">231227787</subfield><subfield code="9">ExL</subfield></datafield><datafield ind1=" " ind2=" " tag="035"><subfield code="a">(IDSBB)001013856DSV01</subfield></datafield><datafield ind1=" " ind2=" " tag="035"><subfield code="a">(RERO)1705155-41slsp</subfield></datafield><datafield ind1=" " ind2=" " tag="035"><subfield code="a">(SBT)000485219SBT01</subfield></datafield><datafield ind1=" " ind2=" " tag="035"><subfield code="a">(EXLNZ-41SLSP_NETWORK)991026434699705501</subfield></datafield><datafield ind1=" " ind2=" " tag="040"><subfield code="a">SzZuIDS BS/BE B410</subfield><subfield code="b">ger</subfield><subfield code="e">kids</subfield><subfield code="d">CH-ZuSLS</subfield></datafield><datafield ind1=" " ind2="7" tag="072"><subfield code="a">th</subfield><subfield code="2">SzZuIDS BS/BE</subfield></datafield><datafield ind1=" " ind2="7" tag="072"><subfield code="a">th</subfield><subfield code="2">rero</subfield></datafield><datafield ind1=" " ind2=" " tag="084"><subfield code="a">BC 2210</subfield><subfield code="2">rvk</subfield></datafield><datafield ind1=" " ind2=" " tag="084"><subfield code="a">BC 2220</subfield><subfield code="2">rvk</subfield></datafield><datafield ind1=" " ind2=" " tag="084"><subfield code="a">BC 2223</subfield><subfield code="2">rvk</subfield></datafield><datafield ind1="0" ind2="0" tag="245"><subfield code="a">Synopsis Quattuor Evangeliorum</subfield><subfield code="c">locis parallelis evangeliorum apocryphorum et patrum adhibitis edidit Kurt Aland</subfield></datafield><datafield ind1=" " ind2=" " tag="250"><subfield code="a">Ed. tertia decima revisa [4. Druck 79.-83. Tsd.]</subfield></datafield><datafield ind1=" " ind2="1" tag="264"><subfield code="a">Stuttgart</subfield><subfield code="b">Deutsche Bibelgesellschaft</subfield><subfield code="c">1990</subfield></datafield><datafield ind1=" " ind2=" " tag="300"><subfield code="a">XXXII, 590 S.</subfield><subfield code="c">28 cm</subfield></datafield><datafield ind1=" " ind2=" " tag="336"><subfield code="b">txt</subfield><subfield code="2">rdacontent</subfield></datafield><datafield ind1=" " ind2=" " tag="337"><subfield code="b">n</subfield><subfield code="2">rdamedia</subfield></datafield><datafield ind1=" " ind2=" " tag="338"><subfield code="b">nc</subfield><subfield code="2">rdacarrier</subfield></datafield><datafield ind1=" " ind2="7" tag="650"><subfield code="a">Synopse</subfield><subfield code="2">idsbb</subfield></datafield><datafield ind1=" " ind2=" " tag="691"><subfield code="e">226</subfield><subfield code="a">Bibbia. Nuovo Testamento. Vangeli e Atti degli Apostoli</subfield><subfield code="2">usi-TE</subfield></datafield><datafield ind1="1" ind2=" " tag="700"><subfield code="a">Aland, Kurt</subfield><subfield code="d">1915-1994</subfield><subfield code="0">(DE-588)118501348</subfield><subfield code="6">880-02</subfield></datafield><datafield ind1="1" ind2=" " tag="880"><subfield code="6">700-02</subfield><subfield code="a">Aland, Kurt</subfield><subfield code="d">1915-1994</subfield><subfield code="0">(IDREF)02844650X</subfield></datafield><datafield ind1="0" ind2=" " tag="730"><subfield code="a">Bible</subfield><subfield code="n">202</subfield><subfield code="p">N.T</subfield><subfield code="p">Evangiles</subfield><subfield code="k">Synopse</subfield><subfield code="l">Grec</subfield></datafield><datafield ind1="0" ind2=" " tag="730"><subfield code="a">Bibbia</subfield><subfield code="n">203</subfield><subfield code="p">NT</subfield><subfield code="p">Vangeli sinottici</subfield></datafield><datafield ind1="0" ind2=" " tag="730"><subfield code="a">Bibel</subfield><subfield code="n">202</subfield><subfield code="p">N.T.</subfield><subfield code="p">Evangelien</subfield><subfield code="k">Synopse</subfield></datafield><datafield ind1="4" ind2=" " tag="856"><subfield code="3">Inhaltsverzeichnis</subfield><subfield code="u">http://www.ub.unibas.ch/tox/HBZ/HT013842921/PDF</subfield><subfield code="q">pdf</subfield></datafield><datafield ind1=" " ind2=" " tag="949"><subfield code="a">http://www.ub.unibas.ch/tox/HBZ/HT013842921/PDF</subfield></datafield></record>
</metadata></record>