<record><header><identifier>oai:alma.41SLSP_UGE:991000023499705502</identifier><datestamp>2023-04-12T00:10:20Z</datestamp><setSpec>uge_bcen_RapidILL_BOOK</setSpec><setSpec>uge_aaca_RapidILL_BOOK</setSpec><setSpec>uge_abels_RapidILL_BOOK</setSpec><setSpec>uge_dbu_RapidILL_BOOK</setSpec><setSpec>uge_cmu_RapidILL_BOOK</setSpec><setSpec>uge_mail_RapidILL_BOOK</setSpec><setSpec>uge_abbat_RapidILL_BOOK</setSpec><setSpec>UNIGE_ALL</setSpec><setSpec>uge_acar_RapidILL_BOOK</setSpec><setSpec>uge_aobs_RapidILL_BOOK</setSpec></header><metadata>
<record xmlns="http://www.loc.gov/MARC21/slim" xmlns:xsi="http://www.w3.org/2001/XMLSchema-instance" xsi:schemaLocation="http://www.loc.gov/MARC21/slim http://www.loc.gov/standards/marcxml/schema/MARC21slim.xsd"><leader>02992nam a2200685 c 4500</leader><controlfield tag="001">991000023499705502</controlfield><controlfield tag="005">20230411205921.0</controlfield><controlfield tag="008">201012s2011    be ||||| |||| 00| ||ita d</controlfield><datafield ind1=" " ind2=" " tag="020"><subfield code="a">9789042923812</subfield></datafield><datafield ind1=" " ind2=" " tag="035"><subfield code="a">(swissbib)241167094-41slsp_network</subfield></datafield><datafield ind1=" " ind2=" " tag="035"><subfield code="a">241167094</subfield><subfield code="9">ExL</subfield></datafield><datafield ind1=" " ind2=" " tag="035"><subfield code="a">(RERO)R006323383-41slsp</subfield></datafield><datafield ind1=" " ind2=" " tag="035"><subfield code="a">(NEBIS)006687022EBI01</subfield></datafield><datafield ind1=" " ind2=" " tag="035"><subfield code="a">(IDSLU)001012744ILU01</subfield></datafield><datafield ind1=" " ind2=" " tag="035"><subfield code="a">(IDSBB)005765771DSV01</subfield></datafield><datafield ind1=" " ind2=" " tag="035"><subfield code="a">(SBT)000864857SBT01</subfield></datafield><datafield ind1=" " ind2=" " tag="035"><subfield code="a">(OCoLC)758434892</subfield></datafield><datafield ind1=" " ind2=" " tag="035"><subfield code="a">(EXLNZ-41SLSP_NETWORK)991059483569705501</subfield></datafield><datafield ind1=" " ind2=" " tag="040"><subfield code="a">RERO geuth-</subfield><subfield code="d">CH-ZuSLS</subfield></datafield><datafield ind1="1" ind2=" " tag="041"><subfield code="a">ita</subfield><subfield code="a">lat</subfield><subfield code="a">grc</subfield><subfield code="a">arm</subfield><subfield code="h">grc</subfield><subfield code="h">arm</subfield></datafield><datafield ind1=" " ind2="7" tag="072"><subfield code="a">740</subfield><subfield code="2">IDS LU</subfield></datafield><datafield ind1=" " ind2="7" tag="072"><subfield code="a">th</subfield><subfield code="2">SzZuIDS BS/BE</subfield></datafield><datafield ind1=" " ind2="7" tag="072"><subfield code="a">th</subfield><subfield code="2">rero</subfield></datafield><datafield ind1=" " ind2=" " tag="084"><subfield code="a">BO 1160</subfield><subfield code="2">rvk</subfield></datafield><datafield ind1="0" ind2=" " tag="100"><subfield code="a">Athanasius</subfield><subfield code="c">Alexandrinus, Heiliger</subfield><subfield code="d">295-373</subfield><subfield code="0">(DE-588)118504843</subfield><subfield code="6">880-01</subfield></datafield><datafield ind1="0" ind2=" " tag="880"><subfield code="6">100-01</subfield><subfield code="a">Athanase</subfield><subfield code="c">saint</subfield><subfield code="d">0295?-0373</subfield><subfield code="0">(IDREF)026693895</subfield><subfield code="4">cre</subfield></datafield><datafield ind1="1" ind2="0" tag="240"><subfield code="a">Dialogi de sancta trinitate</subfield></datafield><datafield ind1="1" ind2="0" tag="245"><subfield code="a">Dialoghi IV e V sulla santa Trinità</subfield><subfield code="b">testo greco con traduzione italiana, versione latina e armena</subfield><subfield code="c">Pseudo-Atanasio ; a cura di Alessandro Capone</subfield></datafield><datafield ind1=" " ind2="1" tag="264"><subfield code="a">Lovanii</subfield><subfield code="b">Peeters</subfield><subfield code="c">2011</subfield></datafield><datafield ind1=" " ind2=" " tag="300"><subfield code="a">XIX, 220 p.</subfield><subfield code="c">24 cm</subfield></datafield><datafield ind1=" " ind2=" " tag="336"><subfield code="b">txt</subfield><subfield code="2">rdacontent</subfield></datafield><datafield ind1=" " ind2=" " tag="337"><subfield code="b">n</subfield><subfield code="2">rdamedia</subfield></datafield><datafield ind1=" " ind2=" " tag="338"><subfield code="b">nc</subfield><subfield code="2">rdacarrier</subfield></datafield><datafield ind1="1" ind2=" " tag="490"><subfield code="a">Corpus scriptorum christianorum orientalium</subfield><subfield code="v">vol. 634.</subfield><subfield code="a">Subsidia</subfield><subfield code="v">t. 125</subfield></datafield><datafield ind1="1" ind2=" " tag="490"><subfield code="a">Subsidia</subfield><subfield code="v">tomus 125</subfield></datafield><datafield ind1=" " ind2=" " tag="500"><subfield code="a">Titolo di ordinamento: De sancta trinitate dialogi V</subfield></datafield><datafield ind1=" " ind2=" " tag="500"><subfield code="a">Enth. griech.-ital. und armenisch-lat. Paralleltext, Einf. ital.</subfield></datafield><datafield ind1=" " ind2=" " tag="504"><subfield code="a">Bibliografia: p. VII-XVI</subfield></datafield><datafield ind1="3" ind2=" " tag="510"><subfield code="a">CPG 2284</subfield></datafield><datafield ind1="0" ind2="7" tag="600"><subfield code="a">Athanasius</subfield><subfield code="c">Alexandrinus, Heiliger</subfield><subfield code="d">295-373</subfield><subfield code="t">Dialogi de sancta trinitate 4-5</subfield><subfield code="0">(DE-588)7846313-0</subfield><subfield code="2">gnd</subfield></datafield><datafield ind1="0" ind2="0" tag="600"><subfield code="a">Pseudo-Athanasius</subfield></datafield><datafield ind1=" " ind2="7" tag="648"><subfield code="a">Geschichte 400-500</subfield><subfield code="2">idszbz</subfield></datafield><datafield ind1=" " ind2="7" tag="648"><subfield code="a">Geschichte 500-600</subfield><subfield code="2">idszbz</subfield></datafield><datafield ind1=" " ind2="0" tag="650"><subfield code="a">Trinity</subfield><subfield code="v">Early works to 1800</subfield></datafield><datafield ind1=" " ind2="7" tag="650"><subfield code="a">Christliche Literatur</subfield><subfield code="2">idszbz</subfield></datafield><datafield ind1=" " ind2="7" tag="650"><subfield code="a">Griechisch</subfield><subfield code="2">idszbz</subfield></datafield><datafield ind1=" " ind2="7" tag="650"><subfield code="a">Trinitätslehre</subfield><subfield code="2">idszbz</subfield></datafield><datafield ind1=" " ind2="7" tag="655"><subfield code="a">Quelle</subfield><subfield code="2">idszbz</subfield></datafield><datafield ind1=" " ind2="7" tag="655"><subfield code="a">Ausgabe</subfield><subfield code="2">idszbz</subfield></datafield><datafield ind1=" " ind2="7" tag="655"><subfield code="a">Quellenmaterial</subfield><subfield code="2">idszbz</subfield></datafield><datafield ind1=" " ind2=" " tag="691"><subfield code="e">270.1</subfield><subfield code="a">Storia della Chiesa. Periodo apostolico, fino al 325</subfield><subfield code="2">usi-TE</subfield></datafield><datafield ind1="1" ind2=" " tag="700"><subfield code="a">Capone, Alessandro</subfield><subfield code="d">1978-</subfield><subfield code="0">(DE-588)1042382123</subfield><subfield code="6">880-02</subfield></datafield><datafield ind1="1" ind2=" " tag="880"><subfield code="6">700-02</subfield><subfield code="a">Capone, Alessandro</subfield><subfield code="c">philologue</subfield><subfield code="d">1978-....</subfield><subfield code="0">(IDREF)077127986</subfield></datafield><datafield ind1="4" ind2=" " tag="856"><subfield code="3">Titelblatt und Inhaltsverzeichnis</subfield><subfield code="u">https://toc.library.ethz.ch/objects/pdf/z01_978-90-429-2381-2_01.pdf</subfield><subfield code="q">pdf</subfield></datafield><datafield ind1=" " ind2="0" tag="830"><subfield code="a">Corpus Scriptorum Christianorum Orientalium</subfield><subfield code="v">634</subfield><subfield code="w">(SBT)000178498SBT01</subfield></datafield><datafield ind1=" " ind2="0" tag="830"><subfield code="a">Corpus scriptorum Christianorum Orientalium</subfield><subfield code="v">634</subfield><subfield code="w">(NEBIS)000993916EBI01</subfield></datafield><datafield ind1=" " ind2="0" tag="830"><subfield code="a">Corpus scriptorum christianorum orientalium</subfield><subfield code="p">Subsidia</subfield><subfield code="v">125</subfield><subfield code="w">(IDSBB)000271161DSV01</subfield></datafield><datafield ind1=" " ind2="0" tag="830"><subfield code="a">Corpus scriptorum christianorum orientalium</subfield><subfield code="v">634</subfield><subfield code="w">(IDSLU)000161255ILU01</subfield></datafield><datafield ind1=" " ind2="0" tag="830"><subfield code="a">Subsidia</subfield><subfield code="v">125</subfield><subfield code="w">(IDSLU)000184204ILU01</subfield></datafield><datafield ind1=" " ind2=" " tag="900"><subfield code="a">IDSZ2zbzmon201111p</subfield><subfield code="c">IDSZ2rusc</subfield><subfield code="d">IDSZ2zbzswk201112b</subfield><subfield code="e">IDSZ2schu</subfield></datafield><datafield ind1=" " ind2=" " tag="949"><subfield code="a">https://toc.library.ethz.ch/objects/pdf/z01_978-90-429-2381-2_01.pdf</subfield></datafield></record>
</metadata></record>