<record><header><identifier>oai:alma.41SLSP_UGE:991000007349705502</identifier><datestamp>2023-03-06T01:11:05Z</datestamp><setSpec>uge_bcen_RapidILL_BOOK</setSpec><setSpec>uge_aaca_RapidILL_BOOK</setSpec><setSpec>uge_abels_RapidILL_BOOK</setSpec><setSpec>uge_dbu_RapidILL_BOOK</setSpec><setSpec>uge_cmu_RapidILL_BOOK</setSpec><setSpec>uge_mail_RapidILL_BOOK</setSpec><setSpec>uge_abbat_RapidILL_BOOK</setSpec><setSpec>UNIGE_ALL</setSpec><setSpec>uge_acar_RapidILL_BOOK</setSpec><setSpec>uge_aobs_RapidILL_BOOK</setSpec></header><metadata>
<record xmlns="http://www.loc.gov/MARC21/slim" xmlns:xsi="http://www.w3.org/2001/XMLSchema-instance" xsi:schemaLocation="http://www.loc.gov/MARC21/slim http://www.loc.gov/standards/marcxml/schema/MARC21slim.xsd"><leader>01503nam a2200337 c 4500</leader><controlfield tag="001">991000007349705502</controlfield><controlfield tag="005">20230305080658.0</controlfield><controlfield tag="008">021128s2001    it ||||| |||| 00| ||ita d</controlfield><datafield ind1=" " ind2=" " tag="020"><subfield code="a">8886106106</subfield></datafield><datafield ind1=" " ind2=" " tag="035"><subfield code="a">(swissbib)098437909-41slsp_network</subfield></datafield><datafield ind1=" " ind2=" " tag="035"><subfield code="a">098437909</subfield><subfield code="9">ExL</subfield></datafield><datafield ind1=" " ind2=" " tag="035"><subfield code="a">(RERO)R003279824-41slsp</subfield></datafield><datafield ind1=" " ind2=" " tag="035"><subfield code="a">(EXLNZ-41SLSP_NETWORK)991060461589705501</subfield></datafield><datafield ind1=" " ind2=" " tag="040"><subfield code="a">RERO gevbpu</subfield><subfield code="d">CH-ZuSLS</subfield></datafield><datafield ind1=" " ind2="7" tag="072"><subfield code="a">it</subfield><subfield code="2">rero</subfield></datafield><datafield ind1="0" ind2="0" tag="245"><subfield code="a">Controllo dei versanti alpini</subfield><subfield code="b">bacini del torrente Tegosa e torrente Rova di Framont, Val Cordevole, Dolomiti Bellunesi</subfield><subfield code="c">studio sperimentale e proposte di monitoraggio con il coord. scientifico di Giovan Battista Pellegrini ; a cura di Ester Cason Angelini</subfield></datafield><datafield ind1=" " ind2="1" tag="264"><subfield code="a">Belluno</subfield><subfield code="b">Fondazione Giovanni Angelini, Centro Studi sulla montagna</subfield><subfield code="c">[2001]</subfield></datafield><datafield ind1=" " ind2="4" tag="264"><subfield code="c">© 2001</subfield></datafield><datafield ind1=" " ind2=" " tag="300"><subfield code="a">182 p.</subfield><subfield code="b">ill.</subfield><subfield code="c">31 cm</subfield><subfield code="e">5 cartes</subfield></datafield><datafield ind1=" " ind2=" " tag="336"><subfield code="b">txt</subfield><subfield code="2">rdacontent</subfield></datafield><datafield ind1=" " ind2=" " tag="337"><subfield code="b">n</subfield><subfield code="2">rdamedia</subfield></datafield><datafield ind1=" " ind2=" " tag="338"><subfield code="b">nc</subfield><subfield code="2">rdacarrier</subfield></datafield><datafield ind1=" " ind2="7" tag="650"><subfield code="a">Géologie</subfield><subfield code="0">(IDREF)027227987</subfield><subfield code="2">idref</subfield></datafield><datafield ind1=" " ind2="7" tag="650"><subfield code="a">Hydrologie</subfield><subfield code="0">(IDREF)027484629</subfield><subfield code="2">idref</subfield></datafield><datafield ind1=" " ind2="7" tag="651"><subfield code="a">Tegosa (Italie, bassin)</subfield><subfield code="0">(RERO)A010228833</subfield><subfield code="2">rero</subfield></datafield><datafield ind1=" " ind2="7" tag="651"><subfield code="a">Rova (Italie, bassin)</subfield><subfield code="0">(RERO)A010228834</subfield><subfield code="2">rero</subfield></datafield><datafield ind1=" " ind2="7" tag="651"><subfield code="a">Dolomites (Italie ; massif)</subfield><subfield code="0">(IDREF)028151372</subfield><subfield code="2">idref</subfield></datafield><datafield ind1=" " ind2="7" tag="655"><subfield code="a">[Études diverses]</subfield><subfield code="0">(RERO)A022249905</subfield><subfield code="2">rero</subfield></datafield><datafield ind1="1" ind2=" " tag="700"><subfield code="a">Pellegrini, Giovan Battista</subfield><subfield code="d">1921-2007</subfield><subfield code="0">(IDREF)123583748</subfield></datafield><datafield ind1="1" ind2=" " tag="700"><subfield code="a">Cason Angelini, Ester</subfield><subfield code="0">(IDREF)10845424X</subfield></datafield><datafield ind1="2" ind2=" " tag="710"><subfield code="a">Fondazione Giovanni Angelini (Belluno)</subfield><subfield code="b">Centro Studi sulla montagna</subfield><subfield code="0">(RERO)A003251437</subfield></datafield><datafield ind1=" " ind2=" " tag="900"><subfield code="a">REROnoselfmerge</subfield></datafield></record>
</metadata></record>