<record><header><identifier>oai:alma.41SLSP_UGE:991000023079705502</identifier><datestamp>2023-03-01T01:09:13Z</datestamp><setSpec>uge_bcen_RapidILL_BOOK</setSpec><setSpec>uge_aaca_RapidILL_BOOK</setSpec><setSpec>uge_abels_RapidILL_BOOK</setSpec><setSpec>uge_dbu_RapidILL_BOOK</setSpec><setSpec>uge_cmu_RapidILL_BOOK</setSpec><setSpec>uge_mail_RapidILL_BOOK</setSpec><setSpec>UNIGE_ALL</setSpec><setSpec>uge_abbat_RapidILL_BOOK</setSpec><setSpec>uge_aobs_RapidILL_BOOK</setSpec><setSpec>uge_acar_RapidILL_BOOK</setSpec></header><metadata>
<record xmlns="http://www.loc.gov/MARC21/slim" xmlns:xsi="http://www.w3.org/2001/XMLSchema-instance" xsi:schemaLocation="http://www.loc.gov/MARC21/slim http://www.loc.gov/standards/marcxml/schema/MARC21slim.xsd"><leader>02601nam a2200421 c 4500</leader><controlfield tag="001">991000023079705502</controlfield><controlfield tag="005">20201230232553.0</controlfield><controlfield tag="008">201011s1995    sz ||||| m||| 00| ||fre d</controlfield><datafield ind1=" " ind2=" " tag="019"><subfield code="a">Catalogage: décrit l'ex. de thèse</subfield><subfield code="5">RERO/15.05.1996/geudbu/mc</subfield></datafield><datafield ind1=" " ind2=" " tag="035"><subfield code="a">(swissbib)22634746X-41slsp_network</subfield></datafield><datafield ind1=" " ind2=" " tag="035"><subfield code="a">22634746X</subfield><subfield code="9">ExL</subfield></datafield><datafield ind1=" " ind2=" " tag="035"><subfield code="a">(RERO)2131865-41slsp</subfield></datafield><datafield ind1=" " ind2=" " tag="035"><subfield code="a">(NEBIS)001508566EBI01</subfield></datafield><datafield ind1=" " ind2=" " tag="035"><subfield code="a">(EXLNZ-41SLSP_NETWORK)991141786229705501</subfield></datafield><datafield ind1=" " ind2=" " tag="040"><subfield code="a">RERO geucmu</subfield><subfield code="d">CH-ZuSLS</subfield></datafield><datafield ind1=" " ind2=" " tag="044"><subfield code="a">sz</subfield><subfield code="c">ch-ge</subfield></datafield><datafield ind1=" " ind2="7" tag="072"><subfield code="a">me</subfield><subfield code="2">rero</subfield></datafield><datafield ind1="1" ind2=" " tag="100"><subfield code="a">Clerc, Nicole</subfield><subfield code="0">(IDREF)092384110</subfield><subfield code="4">cre</subfield></datafield><datafield ind1="1" ind2="0" tag="245"><subfield code="a">&lt;&lt;La&gt;&gt; problématique d'utilisation des benzodiazépines dans le traitement de maintenance de méthadone</subfield><subfield code="c">Nicole Clerc</subfield></datafield><datafield ind1=" " ind2="1" tag="264"><subfield code="a">Genève</subfield><subfield code="b">[éditeur non identifié]</subfield><subfield code="c">1995</subfield></datafield><datafield ind1=" " ind2=" " tag="300"><subfield code="a">40 f.</subfield><subfield code="b">ill.</subfield><subfield code="c">30 cm</subfield></datafield><datafield ind1=" " ind2=" " tag="336"><subfield code="b">txt</subfield><subfield code="2">rdacontent</subfield></datafield><datafield ind1=" " ind2=" " tag="337"><subfield code="b">n</subfield><subfield code="2">rdamedia</subfield></datafield><datafield ind1=" " ind2=" " tag="338"><subfield code="b">nc</subfield><subfield code="2">rdacarrier</subfield></datafield><datafield ind1=" " ind2=" " tag="500"><subfield code="a">Am Kopf der Titelseite: Université de Genève, Faculté de Médecine, Département de Psychiatrie, Clinique de Psychiatrie II</subfield></datafield><datafield ind1=" " ind2=" " tag="502"><subfield code="a">Th. méd. Genève, 1995 ; Méd. 9685</subfield></datafield><datafield ind1=" " ind2=" " tag="508"><subfield code="a">Directeur de thèse: Professeur André Haynal</subfield></datafield><datafield ind1="8" ind2=" " tag="520"><subfield code="a">Analyse: Cette étude cherche à analyser l'impact de la prise de benzodiazépines sur les traitements de méthadone, et l'importance des risques liés à la consommation de ce produit largement diffusé et reconnu pour sa faible toxicité</subfield><subfield code="5">RERO/15.05.1996/geudbu/mc</subfield></datafield><datafield ind1="8" ind2=" " tag="520"><subfield code="a">La prise de benzodiazépines tend à augmenter lors des traitements de maintenance et pourrait être le signe de troubles affectifs, mais peut également s'expliquer par la recherche d'une potentialisation de la méthadone, soit en raison de doses insuffisantes, soit dans un but récréatif</subfield><subfield code="5">RERO/15.05.1996/geudbu/mc</subfield></datafield><datafield ind1="8" ind2=" " tag="520"><subfield code="a">Notre étude ne met pas en évidence de corrélation significative entre la consommation de benzodiazépines et la présence de troubles thymiques; cependant les patients abstinents montrent une évolution nettement plus favorable sur ce plan</subfield><subfield code="5">RERO/15.05.1996/geudbu/mc</subfield></datafield><datafield ind1="8" ind2=" " tag="520"><subfield code="a">L'abus de benzodiazépines est moins fréquent chez les patients abandonnant le traitement. Si les benzodiazépines peuvent apporter un bénéfice transitoire, les risques à long terme sont réels et leur prescription est déconseillée</subfield><subfield code="5">RERO/15.05.1996/geudbu/mc</subfield></datafield><datafield ind1=" " ind2="2" tag="650"><subfield code="a">Drug Interactions</subfield></datafield><datafield ind1=" " ind2="2" tag="650"><subfield code="a">Methadone</subfield><subfield code="x">therapeutic use</subfield></datafield><datafield ind1=" " ind2="2" tag="650"><subfield code="a">Benzodiazepines</subfield><subfield code="x">adverse effects</subfield></datafield><datafield ind1=" " ind2="2" tag="650"><subfield code="a">Substance Dependence</subfield><subfield code="x">drug therapy</subfield></datafield><datafield ind1=" " ind2="2" tag="650"><subfield code="a">Depressive Disorder</subfield></datafield><datafield ind1=" " ind2="2" tag="655"><subfield code="a">Academic Dissertation</subfield></datafield><datafield ind1=" " ind2="7" tag="655"><subfield code="a">Hochschulschrift</subfield><subfield code="2">gnd-content</subfield></datafield><datafield ind1=" " ind2=" " tag="900"><subfield code="a">REROnoselfmerge</subfield></datafield></record>
</metadata></record>