<record><header><identifier>oai:alma.41SLSP_UGE:991000023599705502</identifier><datestamp>2023-03-01T01:09:13Z</datestamp><setSpec>UNIGE_ALL</setSpec></header><metadata>
<record xmlns="http://www.loc.gov/MARC21/slim" xmlns:xsi="http://www.w3.org/2001/XMLSchema-instance" xsi:schemaLocation="http://www.loc.gov/MARC21/slim http://www.loc.gov/standards/marcxml/schema/MARC21slim.xsd"><leader>00897nim a2200277 c 4500</leader><controlfield tag="001">991000023599705502</controlfield><controlfield tag="005">20201225185637.0</controlfield><controlfield tag="007">ss |||||||||||</controlfield><controlfield tag="008">910111s1990    sz ||n||            fre d</controlfield><datafield ind1=" " ind2=" " tag="035"><subfield code="a">(swissbib)085233285-41slsp_network</subfield></datafield><datafield ind1=" " ind2=" " tag="035"><subfield code="a">085233285</subfield><subfield code="9">ExL</subfield></datafield><datafield ind1=" " ind2=" " tag="035"><subfield code="a">(RERO)1327913-41slsp</subfield></datafield><datafield ind1=" " ind2=" " tag="035"><subfield code="a">(EXLNZ-41SLSP_NETWORK)991108969269705501</subfield></datafield><datafield ind1=" " ind2=" " tag="040"><subfield code="a">RERO geumed</subfield><subfield code="d">CH-ZuSLS</subfield></datafield><datafield ind1=" " ind2=" " tag="044"><subfield code="a">sz</subfield><subfield code="c">ch-ge</subfield></datafield><datafield ind1=" " ind2="7" tag="072"><subfield code="a">se</subfield><subfield code="2">rero</subfield></datafield><datafield ind1=" " ind2="7" tag="072"><subfield code="a">in</subfield><subfield code="2">rero</subfield></datafield><datafield ind1="1" ind2=" " tag="100"><subfield code="a">Jobin, Jean-Pierre</subfield><subfield code="0">(RERO)A003426411</subfield><subfield code="4">cre</subfield></datafield><datafield ind1="1" ind2="0" tag="245"><subfield code="a">&lt;&lt;L'&gt;&gt;aéroport de Genève</subfield><subfield code="c">Jean-Pierre Jobin</subfield></datafield><datafield ind1=" " ind2="1" tag="264"><subfield code="a">Genève</subfield><subfield code="b">Laboratoire audiovisuel universitaire [prod.]</subfield><subfield code="c">1990</subfield></datafield><datafield ind1=" " ind2=" " tag="300"><subfield code="a">1 CASSETTE SONORE (85 min.)</subfield></datafield><datafield ind1=" " ind2=" " tag="336"><subfield code="b">spw</subfield><subfield code="2">rdacontent</subfield></datafield><datafield ind1=" " ind2=" " tag="337"><subfield code="b">s</subfield><subfield code="2">rdamedia</subfield></datafield><datafield ind1=" " ind2=" " tag="338"><subfield code="b">ss</subfield><subfield code="2">rdacarrier</subfield></datafield><datafield ind1=" " ind2=" " tag="500"><subfield code="a">Conférence de l'Université du 3ème âge. Section économique et sociale</subfield></datafield><datafield ind1=" " ind2=" " tag="500"><subfield code="a">Donnée le 7 novembre 1990</subfield></datafield><datafield ind1=" " ind2=" " tag="900"><subfield code="a">REROnoselfmerge</subfield></datafield></record>
</metadata></record>