<record><header><identifier>oai:alma.41SLSP_UGE:991000022769705502</identifier><datestamp>2023-04-14T00:13:38Z</datestamp><setSpec>uge_bcen_RapidILL_BOOK</setSpec><setSpec>uge_aaca_RapidILL_BOOK</setSpec><setSpec>uge_abels_RapidILL_BOOK</setSpec><setSpec>uge_dbu_RapidILL_BOOK</setSpec><setSpec>uge_cmu_RapidILL_BOOK</setSpec><setSpec>uge_mail_RapidILL_BOOK</setSpec><setSpec>uge_abbat_RapidILL_BOOK</setSpec><setSpec>UNIGE_ALL</setSpec><setSpec>uge_acar_RapidILL_BOOK</setSpec><setSpec>uge_aobs_RapidILL_BOOK</setSpec></header><metadata>
<record xmlns="http://www.loc.gov/MARC21/slim" xmlns:xsi="http://www.w3.org/2001/XMLSchema-instance" xsi:schemaLocation="http://www.loc.gov/MARC21/slim http://www.loc.gov/standards/marcxml/schema/MARC21slim.xsd"><leader>02083nam a2200565 c 4500</leader><controlfield tag="001">991000022769705502</controlfield><controlfield tag="005">20230413211811.0</controlfield><controlfield tag="008">201011s1980    xxu||||| |||| 00| ||eng d</controlfield><datafield ind1=" " ind2=" " tag="020"><subfield code="a">0471059978</subfield></datafield><datafield ind1=" " ind2=" " tag="035"><subfield code="a">(swissbib)227036778-41slsp_network</subfield></datafield><datafield ind1=" " ind2=" " tag="035"><subfield code="a">227036778</subfield><subfield code="9">ExL</subfield></datafield><datafield ind1=" " ind2=" " tag="035"><subfield code="a">(RERO)0983113-41slsp</subfield></datafield><datafield ind1=" " ind2=" " tag="035"><subfield code="a">(NEBIS)000211330EBI01</subfield></datafield><datafield ind1=" " ind2=" " tag="035"><subfield code="a">(IDSBB)000103787DSV01</subfield></datafield><datafield ind1=" " ind2=" " tag="035"><subfield code="a">(EXLNZ-41SLSP_NETWORK)991073238159705501</subfield></datafield><datafield ind1=" " ind2=" " tag="040"><subfield code="a">RERO</subfield><subfield code="d">CH-ZuSLS</subfield></datafield><datafield ind1=" " ind2=" " tag="044"><subfield code="a">xxu</subfield><subfield code="a">xxc</subfield></datafield><datafield ind1=" " ind2="7" tag="072"><subfield code="a">ma</subfield><subfield code="2">rero</subfield></datafield><datafield ind1=" " ind2="7" tag="072"><subfield code="a">mt</subfield><subfield code="2">SzZuIDS BS/BE</subfield></datafield><datafield ind1="0" ind2="0" tag="082"><subfield code="a">511/.6</subfield><subfield code="2">19</subfield></datafield><datafield ind1="1" ind2="4" tag="082"><subfield code="a">510</subfield><subfield code="2">15</subfield></datafield><datafield ind1=" " ind2=" " tag="084"><subfield code="a">05</subfield><subfield code="2">msc</subfield></datafield><datafield ind1=" " ind2=" " tag="084"><subfield code="a">SK 150</subfield><subfield code="2">rvk</subfield></datafield><datafield ind1=" " ind2=" " tag="084"><subfield code="a">SK 170</subfield><subfield code="2">rvk</subfield></datafield><datafield ind1="1" ind2=" " tag="100"><subfield code="a">Graham, Ronald Lewis</subfield><subfield code="0">(RERO)A003313533</subfield><subfield code="4">cre</subfield></datafield><datafield ind1="1" ind2="0" tag="245"><subfield code="a">Ramsey theory</subfield><subfield code="c">Ronald L. Graham, Bruce L. Rothschild, Joel H. Spencer</subfield></datafield><datafield ind1=" " ind2="1" tag="264"><subfield code="a">New York</subfield><subfield code="a">Chichester [etc.]</subfield><subfield code="b">J. Wiley</subfield><subfield code="c">[1980]</subfield></datafield><datafield ind1=" " ind2="4" tag="264"><subfield code="c">© 1980</subfield></datafield><datafield ind1=" " ind2=" " tag="300"><subfield code="a">IX, 174 p.</subfield><subfield code="c">24 cm</subfield><subfield code="b">fig.; tab.</subfield></datafield><datafield ind1=" " ind2=" " tag="336"><subfield code="b">txt</subfield><subfield code="2">rdacontent</subfield></datafield><datafield ind1=" " ind2=" " tag="337"><subfield code="b">n</subfield><subfield code="2">rdamedia</subfield></datafield><datafield ind1=" " ind2=" " tag="338"><subfield code="b">nc</subfield><subfield code="2">rdacarrier</subfield></datafield><datafield ind1="1" ind2=" " tag="490"><subfield code="a">Wiley-Interscience series in discrete mathematics</subfield></datafield><datafield ind1=" " ind2=" " tag="500"><subfield code="a">A Wiley-Interscience publication</subfield></datafield><datafield ind1=" " ind2=" " tag="500"><subfield code="a">andere Ausgabe: Ramsey theory</subfield></datafield><datafield ind1=" " ind2="7" tag="650"><subfield code="a">Ramsey, Théorie de</subfield><subfield code="0">(IDREF)031470262</subfield><subfield code="2">idref</subfield></datafield><datafield ind1=" " ind2="7" tag="650"><subfield code="a">Ramsey-Theorie</subfield><subfield code="0">(DE-588)4212682-4</subfield><subfield code="2">gnd</subfield></datafield><datafield ind1=" " ind2="0" tag="650"><subfield code="a">Ramsey theory</subfield></datafield><datafield ind1=" " ind2="7" tag="650"><subfield code="a">FARBENPROBLEME (GRAPHENTHEORIE)</subfield><subfield code="9">ger</subfield><subfield code="0">(ETHUDK)000013517</subfield><subfield code="2">ethudk</subfield></datafield><datafield ind1=" " ind2="7" tag="650"><subfield code="a">RAMSEY-THEORIE (KOMBINATORIK)</subfield><subfield code="9">ger</subfield><subfield code="0">(ETHUDK)000045141</subfield><subfield code="2">ethudk</subfield></datafield><datafield ind1=" " ind2="7" tag="650"><subfield code="a">Kombinatorik</subfield><subfield code="2">idsbb</subfield></datafield><datafield ind1=" " ind2=" " tag="690"><subfield code="a">Kombinatorik</subfield><subfield code="2">uzb-Z9</subfield></datafield><datafield ind1="1" ind2=" " tag="700"><subfield code="a">Graham, Ronald L.</subfield><subfield code="d">1935-2020</subfield><subfield code="0">(DE-588)132783843</subfield></datafield><datafield ind1="1" ind2=" " tag="700"><subfield code="a">Rothschild, Bruce Lee</subfield></datafield><datafield ind1="1" ind2=" " tag="700"><subfield code="a">Graham, Ronald L.</subfield></datafield><datafield ind1="1" ind2=" " tag="700"><subfield code="a">Rothschild, Bruce L.</subfield><subfield code="d">1941-....</subfield><subfield code="0">(IDREF)076488314</subfield></datafield><datafield ind1="1" ind2=" " tag="700"><subfield code="a">Spencer, Joel H.</subfield><subfield code="d">1946-</subfield><subfield code="0">(DE-588)133091546</subfield><subfield code="6">880-03</subfield></datafield><datafield ind1="1" ind2=" " tag="880"><subfield code="a">Spencer, Joel H</subfield><subfield code="0">(RERO)A003852512</subfield><subfield code="6">700-03</subfield></datafield><datafield ind1="4" ind2=" " tag="856"><subfield code="3">Inhaltsverzeichnis</subfield><subfield code="u">http://www.ub.unibas.ch/tox/HBZ/HT000147378/PDF</subfield><subfield code="q">pdf</subfield></datafield><datafield ind1=" " ind2="0" tag="830"><subfield code="a">Wiley-interscience series in discrete mathematics</subfield><subfield code="w">(RERO)0640339-41slsp</subfield></datafield><datafield ind1=" " ind2=" " tag="949"><subfield code="a">http://www.ub.unibas.ch/tox/HBZ/HT000147378/PDF</subfield></datafield></record>
</metadata></record>