<record><header><identifier>oai:alma.41SLSP_UGE:991000007659705502</identifier><datestamp>2024-10-17T00:10:11Z</datestamp><setSpec>uge_bcen_RapidILL_BOOK</setSpec><setSpec>uge_aaca_RapidILL_BOOK</setSpec><setSpec>uge_abels_RapidILL_BOOK</setSpec><setSpec>uge_dbu_RapidILL_BOOK</setSpec><setSpec>uge_cmu_RapidILL_BOOK</setSpec><setSpec>uge_mail_RapidILL_BOOK</setSpec><setSpec>uge_abbat_RapidILL_BOOK</setSpec><setSpec>UNIGE_ALL</setSpec><setSpec>uge_acar_RapidILL_BOOK</setSpec><setSpec>uge_aobs_RapidILL_BOOK</setSpec></header><metadata>
<record xmlns="http://www.loc.gov/MARC21/slim" xmlns:xsi="http://www.w3.org/2001/XMLSchema-instance" xsi:schemaLocation="http://www.loc.gov/MARC21/slim http://www.loc.gov/standards/marcxml/schema/MARC21slim.xsd"><leader>01575nam a2200361 c 4500</leader><controlfield tag="001">991000007659705502</controlfield><controlfield tag="005">20241016212859.0</controlfield><controlfield tag="008">201011s1966    dk ||||| |||| 00| ||eng d</controlfield><datafield ind1=" " ind2=" " tag="035"><subfield code="a">(swissbib)220426732-41slsp_network</subfield></datafield><datafield ind1=" " ind2=" " tag="035"><subfield code="a">220426732</subfield><subfield code="9">ExL</subfield></datafield><datafield ind1=" " ind2=" " tag="035"><subfield code="a">(RERO)R004490631-41slsp</subfield></datafield><datafield ind1=" " ind2=" " tag="035"><subfield code="a">(NEBIS)003123983EBI01</subfield></datafield><datafield ind1=" " ind2=" " tag="035"><subfield code="a">(IDSBB)000151249DSV01</subfield></datafield><datafield ind1=" " ind2=" " tag="035"><subfield code="a">(EXLNZ-41SLSP_NETWORK)991141945069705501</subfield></datafield><datafield ind1=" " ind2=" " tag="040"><subfield code="a">RERO frbcuc</subfield><subfield code="d">CH-ZuSLS</subfield></datafield><datafield ind1=" " ind2="7" tag="072"><subfield code="a">et</subfield><subfield code="2">rero</subfield></datafield><datafield ind1=" " ind2="7" tag="072"><subfield code="a">nw</subfield><subfield code="2">SzZuIDS BS/BE</subfield></datafield><datafield ind1="1" ind2="4" tag="082"><subfield code="a">500</subfield><subfield code="2">15</subfield></datafield><datafield ind1="0" ind2="0" tag="245"><subfield code="a">Anthropological researches from the 3rd Danish expedition to Central Asia</subfield><subfield code="c">by Prince Peter of Greece and Denmark, L. Edelberg ... [et al.]</subfield></datafield><datafield ind1=" " ind2="1" tag="264"><subfield code="a">København</subfield><subfield code="b">E. Munksgaard</subfield><subfield code="c">1966</subfield></datafield><datafield ind1=" " ind2=" " tag="300"><subfield code="a">76 p., IV f. de pl.</subfield><subfield code="b">ill.</subfield><subfield code="c">27 cm</subfield></datafield><datafield ind1=" " ind2=" " tag="336"><subfield code="b">txt</subfield><subfield code="2">rdacontent</subfield></datafield><datafield ind1=" " ind2=" " tag="337"><subfield code="b">n</subfield><subfield code="2">rdamedia</subfield></datafield><datafield ind1=" " ind2=" " tag="338"><subfield code="b">nc</subfield><subfield code="2">rdacarrier</subfield></datafield><datafield ind1="1" ind2=" " tag="490"><subfield code="a">Historisk-filosofiske skrifter / Det Kongelige Danske Videnskabernes Selskab</subfield><subfield code="v">bd. 4, nr. 4</subfield></datafield><datafield ind1=" " ind2=" " tag="690"><subfield code="a">Anthropologie / Einzelne Gebiete und Orte / Asien</subfield><subfield code="2">uzb-Z9</subfield></datafield><datafield ind1=" " ind2=" " tag="690"><subfield code="a">Zentralasien / Anthropologie, Ethnographie, Volkskunde</subfield><subfield code="2">uzb-Z9</subfield></datafield><datafield ind1="0" ind2=" " tag="700"><subfield code="a">Petros</subfield><subfield code="c">Griechenland und Dänemark, Prinz</subfield><subfield code="d">1908-1980</subfield><subfield code="0">(DE-588)1089723512</subfield><subfield code="6">880-02</subfield></datafield><datafield ind1="0" ind2=" " tag="880"><subfield code="a">Petros</subfield><subfield code="c">prince de Grèce</subfield><subfield code="d">1908-1980</subfield><subfield code="0">(RERO)A021916815</subfield><subfield code="6">700-02</subfield></datafield><datafield ind1=" " ind2=" " tag="830"><subfield code="a">Historisk-filosofiske skrifter</subfield><subfield code="v">4/4</subfield><subfield code="w">(NEBIS)000987012EBI01</subfield></datafield><datafield ind1=" " ind2=" " tag="830"><subfield code="a">Historisk-filosofiske skrifter / Kongelige Danske Videnskabernes Selskab</subfield><subfield code="v">4,4</subfield><subfield code="w">(RERO)0041294-41slsp</subfield></datafield><datafield ind1=" " ind2=" " tag="830"><subfield code="a">Historisk-filosofiske skrifter</subfield><subfield code="v">4/4</subfield><subfield code="w">(IDSBB)000064411DSV01</subfield></datafield><datafield ind1=" " ind2=" " tag="900"><subfield code="a">REROnoselfmerge</subfield></datafield><datafield ind1=" " ind2=" " tag="900"><subfield code="a">IDSZRMedeaZBZ</subfield><subfield code="c">IDSZRwerm</subfield></datafield></record>
</metadata></record>