<record><header><identifier>oai:alma.41SLSP_UGE:991000022659705502</identifier><datestamp>2023-03-01T01:09:13Z</datestamp><setSpec>uge_bcen_RapidILL_BOOK</setSpec><setSpec>uge_aaca_RapidILL_BOOK</setSpec><setSpec>uge_abels_RapidILL_BOOK</setSpec><setSpec>uge_dbu_RapidILL_BOOK</setSpec><setSpec>uge_cmu_RapidILL_BOOK</setSpec><setSpec>uge_mail_RapidILL_BOOK</setSpec><setSpec>UNIGE_ALL</setSpec><setSpec>uge_abbat_RapidILL_BOOK</setSpec><setSpec>uge_aobs_RapidILL_BOOK</setSpec><setSpec>uge_acar_RapidILL_BOOK</setSpec></header><metadata>
<record xmlns="http://www.loc.gov/MARC21/slim" xmlns:xsi="http://www.w3.org/2001/XMLSchema-instance" xsi:schemaLocation="http://www.loc.gov/MARC21/slim http://www.loc.gov/standards/marcxml/schema/MARC21slim.xsd"><leader>01027nam a2200313 c 4500</leader><controlfield tag="001">991000022659705502</controlfield><controlfield tag="005">20201222231046.0</controlfield><controlfield tag="008">140407s1985    gw ||||| |||| 00| ||ger d</controlfield><datafield ind1=" " ind2=" " tag="020"><subfield code="a">3774922179</subfield></datafield><datafield ind1=" " ind2=" " tag="020"><subfield code="a">9783774922174</subfield></datafield><datafield ind1=" " ind2=" " tag="035"><subfield code="a">(swissbib)119510650-41slsp_network</subfield></datafield><datafield ind1=" " ind2=" " tag="035"><subfield code="a">119510650</subfield><subfield code="9">ExL</subfield></datafield><datafield ind1=" " ind2=" " tag="035"><subfield code="a">(RERO)R007701542-41slsp</subfield></datafield><datafield ind1=" " ind2=" " tag="035"><subfield code="a">(EXLNZ-41SLSP_NETWORK)991109294339705501</subfield></datafield><datafield ind1=" " ind2=" " tag="040"><subfield code="a">DLC</subfield><subfield code="d">CH-ZuSLS</subfield></datafield><datafield ind1=" " ind2="7" tag="072"><subfield code="a">ar</subfield><subfield code="2">rero</subfield></datafield><datafield ind1="1" ind2=" " tag="100"><subfield code="a">Schunck, Margit</subfield><subfield code="0">(IDREF)08669944X</subfield><subfield code="4">cre</subfield></datafield><datafield ind1="1" ind2="0" tag="245"><subfield code="a">Untersuchungen zum Wortstamm ḫc</subfield><subfield code="c">von Margit Schunck</subfield></datafield><datafield ind1=" " ind2="1" tag="264"><subfield code="a">Bonn</subfield><subfield code="b">R. Habelt</subfield><subfield code="c">1985</subfield></datafield><datafield ind1=" " ind2=" " tag="300"><subfield code="a">137 p.</subfield><subfield code="b">ill.</subfield><subfield code="c">21 cm</subfield></datafield><datafield ind1=" " ind2=" " tag="336"><subfield code="b">txt</subfield><subfield code="2">rdacontent</subfield></datafield><datafield ind1=" " ind2=" " tag="337"><subfield code="b">n</subfield><subfield code="2">rdamedia</subfield></datafield><datafield ind1=" " ind2=" " tag="338"><subfield code="b">nc</subfield><subfield code="2">rdacarrier</subfield></datafield><datafield ind1="1" ind2=" " tag="490"><subfield code="a">Habelts Dissertationsdrucke. Reihe Ägyptologie</subfield><subfield code="v">Heft 5</subfield></datafield><datafield ind1=" " ind2=" " tag="504"><subfield code="a">Bibliogr.: p. 120-128</subfield></datafield><datafield ind1=" " ind2=" " tag="504"><subfield code="a">Includes indexes</subfield></datafield><datafield ind1=" " ind2="0" tag="650"><subfield code="a">Egyptian language</subfield><subfield code="x">Etymology</subfield></datafield><datafield ind1=" " ind2=" " tag="830"><subfield code="a">Habelts Dissertationsdrucke</subfield><subfield code="p">Reihe Ägyptologie</subfield><subfield code="v">5</subfield><subfield code="w">(RERO)1641442-41slsp</subfield></datafield><datafield ind1=" " ind2=" " tag="900"><subfield code="a">REROnoselfmerge</subfield></datafield><datafield ind1=" " ind2=" " tag="910"><subfield code="a">OCoLC</subfield><subfield code="b">20140407</subfield><subfield code="c">Droits réservés</subfield></datafield></record>
</metadata></record>