<record><header><identifier>oai:alma.41SLSP_UGE:991000023389705502</identifier><datestamp>2024-04-01T00:11:34Z</datestamp><setSpec>uge_bcen_RapidILL_BOOK</setSpec><setSpec>uge_aaca_RapidILL_BOOK</setSpec><setSpec>uge_abels_RapidILL_BOOK</setSpec><setSpec>uge_dbu_RapidILL_BOOK</setSpec><setSpec>uge_cmu_RapidILL_BOOK</setSpec><setSpec>uge_mail_RapidILL_BOOK</setSpec><setSpec>UNIGE_ALL</setSpec><setSpec>uge_abbat_RapidILL_BOOK</setSpec><setSpec>uge_aobs_RapidILL_BOOK</setSpec><setSpec>uge_acar_RapidILL_BOOK</setSpec></header><metadata>
<record xmlns="http://www.loc.gov/MARC21/slim" xmlns:xsi="http://www.w3.org/2001/XMLSchema-instance" xsi:schemaLocation="http://www.loc.gov/MARC21/slim http://www.loc.gov/standards/marcxml/schema/MARC21slim.xsd"><leader>04538nam a2200793 c 4500</leader><controlfield tag="001">991000023389705502</controlfield><controlfield tag="005">20230407124622.0</controlfield><controlfield tag="008">201011s2016    xxu      |||| 000 0 eng|d</controlfield><datafield ind1=" " ind2=" " tag="020"><subfield code="a">1571135774</subfield></datafield><datafield ind1=" " ind2=" " tag="020"><subfield code="a">9781571135773</subfield><subfield code="q">hardcover</subfield></datafield><datafield ind1=" " ind2=" " tag="035"><subfield code="a">(swissbib)227125630-41slsp_network</subfield></datafield><datafield ind1=" " ind2=" " tag="035"><subfield code="a">227125630</subfield><subfield code="9">ExL</subfield></datafield><datafield ind1=" " ind2=" " tag="035"><subfield code="a">(IDSBB)006510110DSV01</subfield></datafield><datafield ind1=" " ind2=" " tag="035"><subfield code="a">(NEBIS)010739919EBI01</subfield></datafield><datafield ind1=" " ind2=" " tag="035"><subfield code="a">(RERO)R008455976-41slsp</subfield></datafield><datafield ind1=" " ind2=" " tag="035"><subfield code="a">(OCoLC)951724629</subfield></datafield><datafield ind1=" " ind2=" " tag="035"><subfield code="a">(EXLNZ-41SLSP_NETWORK)991035589749705501</subfield></datafield><datafield ind1=" " ind2=" " tag="040"><subfield code="a">ERASA</subfield><subfield code="b">ger</subfield><subfield code="e">rda</subfield><subfield code="d">CH-ZuSLS</subfield></datafield><datafield ind1=" " ind2="4" tag="050"><subfield code="a">E</subfield></datafield><datafield ind1=" " ind2="7" tag="072"><subfield code="a">le</subfield><subfield code="2">SzZuIDS BS/BE</subfield></datafield><datafield ind1=" " ind2="7" tag="072"><subfield code="a">an</subfield><subfield code="2">rero</subfield></datafield><datafield ind1="0" ind2="4" tag="082"><subfield code="a">810.9/3581</subfield><subfield code="2">23</subfield></datafield><datafield ind1="0" ind2="4" tag="082"><subfield code="a">970.980</subfield></datafield><datafield ind1="1" ind2="4" tag="082"><subfield code="a">810</subfield><subfield code="2">15</subfield></datafield><datafield ind1="1" ind2="4" tag="082"><subfield code="a">970</subfield><subfield code="2">15</subfield></datafield><datafield ind1=" " ind2=" " tag="084"><subfield code="a">HT 4981</subfield><subfield code="2">rvk</subfield></datafield><datafield ind1=" " ind2=" " tag="084"><subfield code="a">HT 6675</subfield><subfield code="2">rvk</subfield></datafield><datafield ind1="1" ind2=" " tag="100"><subfield code="a">Yothers, Brian</subfield><subfield code="d">1975-</subfield><subfield code="0">(DE-588)133552381</subfield><subfield code="e">Verfasser</subfield><subfield code="4">aut</subfield><subfield code="6">880-01</subfield></datafield><datafield ind1="1" ind2=" " tag="880"><subfield code="6">100-01</subfield><subfield code="a">Yothers, Brian</subfield><subfield code="d">1975-....</subfield><subfield code="0">(IDREF)119991047</subfield><subfield code="4">cre</subfield></datafield><datafield ind1="1" ind2="0" tag="245"><subfield code="a">Reading abolition</subfield><subfield code="b">the critical reception of Harriet Beecher Stowe and Frederick Douglass</subfield><subfield code="c">Brian Yothers</subfield></datafield><datafield ind1=" " ind2=" " tag="250"><subfield code="a">First published</subfield></datafield><datafield ind1=" " ind2="1" tag="264"><subfield code="a">Rochester, New York</subfield><subfield code="b">Camden House</subfield><subfield code="c">2016</subfield></datafield><datafield ind1=" " ind2=" " tag="300"><subfield code="a">x, 186 Seiten</subfield></datafield><datafield ind1=" " ind2=" " tag="336"><subfield code="b">txt</subfield><subfield code="2">rdacontent</subfield></datafield><datafield ind1=" " ind2=" " tag="337"><subfield code="b">n</subfield><subfield code="2">rdamedia</subfield></datafield><datafield ind1=" " ind2=" " tag="338"><subfield code="b">nc</subfield><subfield code="2">rdacarrier</subfield></datafield><datafield ind1="0" ind2=" " tag="490"><subfield code="a">Studies in American literature and culture. Literary criticism in perspective</subfield></datafield><datafield ind1=" " ind2=" " tag="504"><subfield code="a">Literaturverzeichnis: Seiten 171-182</subfield></datafield><datafield ind1=" " ind2=" " tag="520"><subfield code="a">Harriet Beecher Stowe and Frederick Douglass represent a crucial strand in nineteenth-century American literature: the struggle for the abolition of slavery. Yet there has been no thoroughgoing discussion of the critical reception of these two giants of abolitionist literature. Reading Abolition narrates and explores the parallels between Stowe's critical reception and Douglass's. The book begins with Stowe's Uncle Tom's Cabin, considering its initial celebration as a work of genius and conscience, its subsequent dismissal in the early twentieth century as anti-Southern and in the mid-twentieth century as racially stereotypical, and finally its recent recovery as a classic of women's, religious, and political fiction. It also considers the reception of Stowe's other, less well-known novels, non-fictional works, and poetry, and how engaging the full Stowe canon has changed the shape of Stowe studies. The second half of the study deals with the reception of Douglass both as a writer of three autobiographies that helped to define the contours of African American autobiography for later writers and critics and as an extraordinarily eloquent and influential orator and journalist</subfield></datafield><datafield ind1="1" ind2="7" tag="600"><subfield code="a">Stowe, Harriet Beecher</subfield><subfield code="d">1811-1896</subfield><subfield code="0">(DE-588)118618784</subfield><subfield code="2">gnd</subfield></datafield><datafield ind1="1" ind2="7" tag="600"><subfield code="a">Douglass, Frederick</subfield><subfield code="d">1818-1895</subfield><subfield code="0">(DE-588)118527096</subfield><subfield code="2">gnd</subfield></datafield><datafield ind1="1" ind2="0" tag="600"><subfield code="a">Douglass, Frederick</subfield><subfield code="d">1818-1895</subfield><subfield code="x">Criticism and interpretation</subfield><subfield code="x">History</subfield></datafield><datafield ind1="1" ind2="0" tag="600"><subfield code="a">Stowe, Harriet Beecher</subfield><subfield code="d">1811-1896</subfield><subfield code="t">Uncle Tom's cabin</subfield></datafield><datafield ind1="1" ind2="0" tag="600"><subfield code="a">Stowe, Harriet Beecher</subfield><subfield code="d">1811-1896</subfield><subfield code="x">Criticism and interpretation</subfield><subfield code="x">History</subfield></datafield><datafield ind1="1" ind2="0" tag="600"><subfield code="a">Douglass, Frederick</subfield><subfield code="d">1818-1895</subfield><subfield code="x">Criticism and interpretation</subfield></datafield><datafield ind1="1" ind2="0" tag="600"><subfield code="a">Stowe, Harriet Beecher</subfield><subfield code="d">1811-1896</subfield><subfield code="x">Criticism and interpretation</subfield></datafield><datafield ind1="1" ind2="7" tag="600"><subfield code="a">Stowe, Harriet Beecher</subfield><subfield code="c">romancière américaine abolitionniste</subfield><subfield code="d">1811-1896</subfield><subfield code="0">(IDREF)02715002X</subfield><subfield code="2">idref</subfield></datafield><datafield ind1="1" ind2="7" tag="600"><subfield code="a">Douglass, Frederick</subfield><subfield code="d">1818-1895</subfield><subfield code="0">(IDREF)027466841</subfield><subfield code="2">idref</subfield></datafield><datafield ind1=" " ind2="7" tag="650"><subfield code="a">Sklaverei</subfield><subfield code="0">(DE-588)4055260-3</subfield><subfield code="2">gnd</subfield></datafield><datafield ind1=" " ind2="7" tag="650"><subfield code="a">Abschaffung</subfield><subfield code="0">(DE-588)4200586-3</subfield><subfield code="2">gnd</subfield></datafield><datafield ind1=" " ind2="7" tag="650"><subfield code="a">Rezeption</subfield><subfield code="0">(DE-588)4049716-1</subfield><subfield code="2">gnd</subfield></datafield><datafield ind1=" " ind2="0" tag="650"><subfield code="a">Slavery in literature</subfield></datafield><datafield ind1=" " ind2="0" tag="650"><subfield code="a">African Americans in literature</subfield></datafield><datafield ind1=" " ind2="0" tag="650"><subfield code="a">Race in literature</subfield></datafield><datafield ind1=" " ind2="0" tag="650"><subfield code="a">African American abolitionists</subfield><subfield code="x">Biography</subfield><subfield code="x">History and criticism</subfield></datafield><datafield ind1=" " ind2="7" tag="650"><subfield code="a">Abolitionismus</subfield><subfield code="0">(DE-588)4302520-1</subfield><subfield code="2">gnd</subfield></datafield><datafield ind1=" " ind2="7" tag="650"><subfield code="a">Abschaffung</subfield><subfield code="0">(DE-588)1131200683</subfield><subfield code="2">gnd</subfield></datafield><datafield ind1=" " ind2="7" tag="650"><subfield code="a">Sklaverei</subfield><subfield code="0">(DE-588)4204853-9</subfield><subfield code="2">gnd</subfield></datafield><datafield ind1=" " ind2="7" tag="650"><subfield code="a">Mouvements antiesclavagistes</subfield><subfield code="0">(IDREF)027224309</subfield><subfield code="2">idref</subfield></datafield><datafield ind1=" " ind2="7" tag="650"><subfield code="a">19e siècle</subfield><subfield code="0">(IDREF)027794059</subfield><subfield code="2">idref</subfield></datafield><datafield ind1=" " ind2="7" tag="650"><subfield code="a">Littérature américaine</subfield><subfield code="0">(IDREF)027257843</subfield><subfield code="2">idref</subfield></datafield><datafield ind1=" " ind2="7" tag="650"><subfield code="a">Appréciation</subfield><subfield code="0">(IDREF)02779489X</subfield><subfield code="2">idref</subfield></datafield><datafield ind1=" " ind2="7" tag="651"><subfield code="a">USA</subfield><subfield code="0">(DE-588)4078704-7</subfield><subfield code="2">gnd</subfield></datafield><datafield ind1="4" ind2=" " tag="856"><subfield code="3">Titelblatt und Inhaltsverzeichnis</subfield><subfield code="u">https://toc.library.ethz.ch/objects/pdf03/z01_978-1-57113-577-3_01.pdf</subfield><subfield code="q">pdf</subfield></datafield><datafield ind1=" " ind2=" " tag="900"><subfield code="a">IDSDSStoppsignal FRED</subfield></datafield><datafield ind1=" " ind2=" " tag="900"><subfield code="a">IDSZ2zbzmon201706l</subfield><subfield code="c">IDSZ2walg</subfield><subfield code="d">IDSZ2zbzswk201707g</subfield><subfield code="e">IDSZ2trun</subfield></datafield><datafield ind1=" " ind2=" " tag="900"><subfield code="a">IDSZ2esmon201701f</subfield><subfield code="c">IDSZ2lang</subfield><subfield code="d">IDSZ2esswk201701b</subfield><subfield code="e">IDSZ2leud</subfield></datafield><datafield ind1=" " ind2=" " tag="900"><subfield code="a">REROnoselfmerge</subfield></datafield><datafield ind1=" " ind2=" " tag="910"><subfield code="a">OCoLC</subfield><subfield code="b">20160624</subfield><subfield code="c">Droits réservés</subfield></datafield><datafield ind1=" " ind2=" " tag="949"><subfield code="a">https://toc.library.ethz.ch/objects/pdf03/z01_978-1-57113-577-3_01.pdf</subfield></datafield></record>
</metadata></record>