<record><header><identifier>oai:alma.41SLSP_UGE:991000008069705502</identifier><datestamp>2023-11-25T02:56:05Z</datestamp><setSpec>uge_bcen_RapidILL_BOOK</setSpec><setSpec>uge_aaca_RapidILL_BOOK</setSpec><setSpec>uge_abels_RapidILL_BOOK</setSpec><setSpec>uge_dbu_RapidILL_BOOK</setSpec><setSpec>uge_cmu_RapidILL_BOOK</setSpec><setSpec>uge_mail_RapidILL_BOOK</setSpec><setSpec>uge_abbat_RapidILL_BOOK</setSpec><setSpec>UNIGE_ALL</setSpec><setSpec>uge_acar_RapidILL_BOOK</setSpec><setSpec>uge_aobs_RapidILL_BOOK</setSpec></header><metadata>
<record xmlns="http://www.loc.gov/MARC21/slim" xmlns:xsi="http://www.w3.org/2001/XMLSchema-instance" xsi:schemaLocation="http://www.loc.gov/MARC21/slim http://www.loc.gov/standards/marcxml/schema/MARC21slim.xsd"><leader>01217nam a2200385uc 4500</leader><controlfield tag="001">991000008069705502</controlfield><controlfield tag="005">20230327203249.0</controlfield><controlfield tag="008">201012s1989    sz ||||| |||| 00| ||fre d</controlfield><datafield ind1=" " ind2=" " tag="020"><subfield code="a">2825701882</subfield></datafield><datafield ind1=" " ind2=" " tag="035"><subfield code="a">(swissbib)235888494-41slsp_network</subfield></datafield><datafield ind1=" " ind2=" " tag="035"><subfield code="a">235888494</subfield><subfield code="9">ExL</subfield></datafield><datafield ind1=" " ind2=" " tag="035"><subfield code="a">(IDSBB)000593712DSV01</subfield></datafield><datafield ind1=" " ind2=" " tag="035"><subfield code="a">(RERO)1234627-41slsp</subfield></datafield><datafield ind1=" " ind2=" " tag="035"><subfield code="a">(NEBIS)000547800EBI01</subfield></datafield><datafield ind1=" " ind2=" " tag="035"><subfield code="a">(ALEX)bv001489030</subfield></datafield><datafield ind1=" " ind2=" " tag="035"><subfield code="a">(EXLNZ-41SLSP_NETWORK)991147526429705501</subfield></datafield><datafield ind1=" " ind2=" " tag="040"><subfield code="a">SzZuIDS BS/BE A100</subfield><subfield code="b">ger</subfield><subfield code="e">kids</subfield><subfield code="d">CH-ZuSLS</subfield></datafield><datafield ind1=" " ind2=" " tag="044"><subfield code="a">sz</subfield><subfield code="c">ch-ge</subfield></datafield><datafield ind1=" " ind2="7" tag="072"><subfield code="a">kh</subfield><subfield code="2">SzZuIDS BS/BE</subfield></datafield><datafield ind1=" " ind2="7" tag="072"><subfield code="a">at</subfield><subfield code="2">rero</subfield></datafield><datafield ind1=" " ind2=" " tag="084"><subfield code="a">LL 80658</subfield><subfield code="2">rvk</subfield></datafield><datafield ind1=" " ind2=" " tag="084"><subfield code="a">CA/CH-GE 61 h</subfield><subfield code="2">cjurrom</subfield></datafield><datafield ind1="1" ind2=" " tag="100"><subfield code="a">Wakil, Leïla el-</subfield><subfield code="0">(IDREF)029535069</subfield><subfield code="4">cre</subfield></datafield><datafield ind1="1" ind2="0" tag="245"><subfield code="a">Catalogue</subfield></datafield><datafield ind1=" " ind2="1" tag="264"><subfield code="c">1989</subfield></datafield><datafield ind1=" " ind2="4" tag="264"><subfield code="c">copyright 1989</subfield></datafield><datafield ind1=" " ind2=" " tag="300"><subfield code="a">VIII, 320 Seiten</subfield><subfield code="b">Illustrationen</subfield><subfield code="c">23 x 24 cm</subfield></datafield><datafield ind1=" " ind2=" " tag="336"><subfield code="b">txt</subfield><subfield code="2">rdacontent</subfield></datafield><datafield ind1=" " ind2=" " tag="337"><subfield code="b">n</subfield><subfield code="2">rdamedia</subfield></datafield><datafield ind1=" " ind2=" " tag="338"><subfield code="b">nc</subfield><subfield code="2">rdacarrier</subfield></datafield><datafield ind1="1" ind2=" " tag="490"><subfield code="a">Bâtir la campagne / Leila El-Wakil</subfield><subfield code="v">2</subfield></datafield><datafield ind1="1" ind2=" " tag="490"><subfield code="a">Collection Monuments et sites</subfield></datafield><datafield ind1="1" ind2=" " tag="700"><subfield code="a">El-Wakil, Leïla</subfield><subfield code="e">auteur</subfield><subfield code="4">aut</subfield></datafield><datafield ind1="1" ind2=" " tag="800"><subfield code="a">Wakil, Leïla el</subfield><subfield code="t">Bâtir la campagne</subfield><subfield code="v">2</subfield><subfield code="w">(NEBIS)000547797EBI01</subfield></datafield><datafield ind1=" " ind2=" " tag="830"><subfield code="a">Collection monuments et sites</subfield><subfield code="w">(RERO)1200118-41slsp</subfield></datafield><datafield ind1=" " ind2=" " tag="900"><subfield code="a">REROnoselfmerge</subfield></datafield><datafield ind1=" " ind2=" " tag="900"><subfield code="a">IDSE5E61ANH-2011</subfield></datafield><datafield ind1=" " ind2=" " tag="993"><subfield code="a">BFLA 31242/2</subfield><subfield code="x">ge/ulha/d/88/512</subfield><subfield code="9">LOCAL</subfield></datafield></record>
</metadata></record>