<record><header><identifier>oai:alma.41SLSP_UGE:991000007339705502</identifier><datestamp>2023-04-08T00:18:16Z</datestamp><setSpec>uge_bcen_RapidILL_BOOK</setSpec><setSpec>uge_aaca_RapidILL_BOOK</setSpec><setSpec>uge_abels_RapidILL_BOOK</setSpec><setSpec>uge_dbu_RapidILL_BOOK</setSpec><setSpec>uge_cmu_RapidILL_BOOK</setSpec><setSpec>uge_mail_RapidILL_BOOK</setSpec><setSpec>uge_abbat_RapidILL_BOOK</setSpec><setSpec>UNIGE_ALL</setSpec><setSpec>uge_aobs_RapidILL_BOOK</setSpec><setSpec>uge_acar_RapidILL_BOOK</setSpec></header><metadata>
<record xmlns="http://www.loc.gov/MARC21/slim" xmlns:xsi="http://www.w3.org/2001/XMLSchema-instance" xsi:schemaLocation="http://www.loc.gov/MARC21/slim http://www.loc.gov/standards/marcxml/schema/MARC21slim.xsd"><leader>01626nam a2200385 c 4500</leader><controlfield tag="001">991000007339705502</controlfield><controlfield tag="005">20230407145504.0</controlfield><controlfield tag="008">910926s1990    gw ||||| |||| 00| ||ger d</controlfield><datafield ind1=" " ind2=" " tag="020"><subfield code="a">3540521259</subfield><subfield code="q">Berlin</subfield></datafield><datafield ind1=" " ind2=" " tag="020"><subfield code="a">0387521259</subfield><subfield code="q">New York</subfield></datafield><datafield ind1="7" ind2=" " tag="024"><subfield code="a">http://catalogue.bnf.fr/ark:/12148/cb37358922m</subfield><subfield code="2">uri</subfield></datafield><datafield ind1=" " ind2=" " tag="035"><subfield code="a">(swissbib)085916870-41slsp_network</subfield></datafield><datafield ind1=" " ind2=" " tag="035"><subfield code="a">085916870</subfield><subfield code="9">ExL</subfield></datafield><datafield ind1=" " ind2=" " tag="035"><subfield code="a">(RERO)1431791-41slsp</subfield></datafield><datafield ind1=" " ind2=" " tag="035"><subfield code="a">(EXLNZ-41SLSP_NETWORK)991141014679705501</subfield></datafield><datafield ind1=" " ind2=" " tag="040"><subfield code="a">RERO geussp</subfield><subfield code="d">CH-ZuSLS</subfield></datafield><datafield ind1="0" ind2=" " tag="041"><subfield code="a">ger</subfield><subfield code="a">eng</subfield></datafield><datafield ind1=" " ind2="7" tag="072"><subfield code="a">py</subfield><subfield code="2">rero</subfield></datafield><datafield ind1="0" ind2="0" tag="245"><subfield code="a">Abschirmung gegen hochenergetische Strahlung</subfield><subfield code="b">= Shielding against high energy radiation</subfield><subfield code="c">A. Fasso, K. Goebel... [et al.] ; Hrsg. H. Schopper</subfield></datafield><datafield ind1="1" ind2=" " tag="246"><subfield code="a">Shielding against high energy radiation</subfield></datafield><datafield ind1=" " ind2="1" tag="264"><subfield code="a">Berlin</subfield><subfield code="a">Heidelberg [etc.]</subfield><subfield code="b">Springer</subfield><subfield code="c">1990</subfield></datafield><datafield ind1=" " ind2=" " tag="300"><subfield code="a">XI, 427 p. :ill.</subfield><subfield code="c">28 cm</subfield></datafield><datafield ind1=" " ind2=" " tag="336"><subfield code="b">txt</subfield><subfield code="2">rdacontent</subfield></datafield><datafield ind1=" " ind2=" " tag="337"><subfield code="b">n</subfield><subfield code="2">rdamedia</subfield></datafield><datafield ind1=" " ind2=" " tag="338"><subfield code="b">nc</subfield><subfield code="2">rdacarrier</subfield></datafield><datafield ind1="1" ind2=" " tag="490"><subfield code="a">Zahlenwerte und Funktionen aus Naturwissenschaften und Technik. Neue Serie.</subfield><subfield code="v">Gruppe 1</subfield><subfield code="a">Kernphysik und Kerntechnik</subfield><subfield code="v">Bd. 11</subfield></datafield><datafield ind1=" " ind2=" " tag="504"><subfield code="a">Bibliogr</subfield></datafield><datafield ind1=" " ind2="7" tag="650"><subfield code="a">Physique des hautes énergies</subfield><subfield code="0">(IDREF)030966884</subfield><subfield code="2">idref</subfield></datafield><datafield ind1=" " ind2="7" tag="650"><subfield code="a">Radioprotection</subfield><subfield code="0">(IDREF)027425177</subfield><subfield code="2">idref</subfield></datafield><datafield ind1=" " ind2="7" tag="655"><subfield code="a">Manuels d'enseignement</subfield><subfield code="0">(IDREF)027446514</subfield><subfield code="2">idref</subfield></datafield><datafield ind1="1" ind2=" " tag="700"><subfield code="a">Fassò, Alberto</subfield><subfield code="0">(RERO)A011634499</subfield></datafield><datafield ind1="1" ind2=" " tag="700"><subfield code="a">Schopper, Herwig</subfield><subfield code="0">(IDREF)032592248</subfield></datafield><datafield ind1="1" ind2=" " tag="700"><subfield code="a">Goebel, Karl</subfield><subfield code="d">1855-1932</subfield><subfield code="0">(IDREF)10456136X</subfield></datafield><datafield ind1=" " ind2="0" tag="830"><subfield code="a">Zahlenwerte und Funktionen aus Naturwissenschaften und Technik</subfield><subfield code="p">Neue Serie</subfield><subfield code="v">1,11</subfield><subfield code="w">(RERO)0441913-41slsp</subfield></datafield><datafield ind1=" " ind2="0" tag="830"><subfield code="a">Nuclear physics and technology</subfield><subfield code="v">11</subfield><subfield code="w">(RERO)0441914-41slsp</subfield></datafield><datafield ind1=" " ind2=" " tag="900"><subfield code="a">REROnoselfmerge</subfield></datafield></record>
</metadata></record>