<record><header><identifier>oai:alma.41SLSP_UGE:991000023489705502</identifier><datestamp>2023-03-01T01:09:13Z</datestamp><setSpec>uge_bcen_RapidILL_BOOK</setSpec><setSpec>uge_aaca_RapidILL_BOOK</setSpec><setSpec>uge_abels_RapidILL_BOOK</setSpec><setSpec>uge_dbu_RapidILL_BOOK</setSpec><setSpec>uge_cmu_RapidILL_BOOK</setSpec><setSpec>uge_mail_RapidILL_BOOK</setSpec><setSpec>UNIGE_ALL</setSpec><setSpec>uge_abbat_RapidILL_BOOK</setSpec><setSpec>uge_aobs_RapidILL_BOOK</setSpec><setSpec>uge_acar_RapidILL_BOOK</setSpec></header><metadata>
<record xmlns="http://www.loc.gov/MARC21/slim" xmlns:xsi="http://www.w3.org/2001/XMLSchema-instance" xsi:schemaLocation="http://www.loc.gov/MARC21/slim http://www.loc.gov/standards/marcxml/schema/MARC21slim.xsd"><leader>02064nam a2200481 c 4500</leader><controlfield tag="001">991000023489705502</controlfield><controlfield tag="005">20230220203455.0</controlfield><controlfield tag="008">201011s2005    gw ||||| |||| 00| ||ger d</controlfield><datafield ind1=" " ind2=" " tag="015"><subfield code="a">GFR-DNB-05,N30,0419</subfield></datafield><datafield ind1=" " ind2=" " tag="019"><subfield code="a">Torz, Timo (1978-)</subfield></datafield><datafield ind1=" " ind2=" " tag="020"><subfield code="a">3631541503</subfield><subfield code="c">Pb. : EUR 51.50, EUR 51.50 (AT)</subfield></datafield><datafield ind1=" " ind2=" " tag="035"><subfield code="a">(swissbib)214111881-41slsp_network</subfield></datafield><datafield ind1=" " ind2=" " tag="035"><subfield code="a">214111881</subfield><subfield code="9">ExL</subfield></datafield><datafield ind1=" " ind2=" " tag="035"><subfield code="a">(RERO)R003988206-41slsp</subfield></datafield><datafield ind1=" " ind2=" " tag="035"><subfield code="a">(NEBIS)005035190EBI01</subfield></datafield><datafield ind1=" " ind2=" " tag="035"><subfield code="a">(EXLNZ-41SLSP_NETWORK)991125923879705501</subfield></datafield><datafield ind1=" " ind2=" " tag="040"><subfield code="a">RERO geubfd</subfield><subfield code="d">CH-ZuSLS</subfield></datafield><datafield ind1=" " ind2=" " tag="044"><subfield code="a">sz</subfield><subfield code="c">ch-be</subfield></datafield><datafield ind1=" " ind2="7" tag="072"><subfield code="a">dr</subfield><subfield code="2">rero</subfield></datafield><datafield ind1=" " ind2=" " tag="084"><subfield code="a">CA/D 29 h</subfield><subfield code="2">cjurrom</subfield></datafield><datafield ind1="1" ind2=" " tag="100"><subfield code="a">Torz, Timo</subfield><subfield code="0">(RERO)A011907694</subfield><subfield code="4">cre</subfield></datafield><datafield ind1="1" ind2="0" tag="245"><subfield code="a">Gerichtsstände im Internationalen Insolvenzrecht zur Eröffnung von Partikularinsolvenzverfahren</subfield><subfield code="b">eine Untersuchung über die internationale Zuständigkeit zur Eröffnung von Partikularinsolvenzverfahren sowie deren Beschränkungen und Auswirkungen auf die Anerkennungszuständigkeit</subfield><subfield code="c">Timo Torz</subfield></datafield><datafield ind1=" " ind2="1" tag="264"><subfield code="a">Frankfurt a.M.</subfield><subfield code="a">Bern [etc.]</subfield><subfield code="b">P. Lang Europäischer Verlag der Wissenchaften</subfield><subfield code="c">[2005]</subfield></datafield><datafield ind1=" " ind2="4" tag="264"><subfield code="c">© 2005</subfield></datafield><datafield ind1=" " ind2=" " tag="300"><subfield code="a">LII, 243 p.</subfield><subfield code="c">21 cm</subfield></datafield><datafield ind1=" " ind2=" " tag="336"><subfield code="b">txt</subfield><subfield code="2">rdacontent</subfield></datafield><datafield ind1=" " ind2=" " tag="337"><subfield code="b">n</subfield><subfield code="2">rdamedia</subfield></datafield><datafield ind1=" " ind2=" " tag="338"><subfield code="b">nc</subfield><subfield code="2">rdacarrier</subfield></datafield><datafield ind1="1" ind2=" " tag="490"><subfield code="a">Studien zum vergleichenden und internationalen Recht</subfield><subfield code="v">Bd. 113</subfield></datafield><datafield ind1=" " ind2=" " tag="500"><subfield code="a">Ed. commerciale de la thèse de Bochum, 2005</subfield></datafield><datafield ind1=" " ind2=" " tag="502"><subfield code="a">Diss. Univ. Bochum, 2005</subfield></datafield><datafield ind1=" " ind2=" " tag="504"><subfield code="a">Bibliogr.</subfield></datafield><datafield ind1=" " ind2="7" tag="650"><subfield code="a">faillite internationale</subfield><subfield code="0">(RERO)A010081817</subfield><subfield code="2">rerovoc</subfield></datafield><datafield ind1=" " ind2="7" tag="650"><subfield code="a">Juridiction</subfield><subfield code="0">(IDREF)02781288X</subfield><subfield code="2">idref</subfield></datafield><datafield ind1=" " ind2="7" tag="650"><subfield code="a">Procédure civile (droit international)</subfield><subfield code="0">(IDREF)027890945</subfield><subfield code="2">idref</subfield></datafield><datafield ind1=" " ind2="7" tag="650"><subfield code="a">Gerichtsstand</subfield><subfield code="2">idszbz</subfield></datafield><datafield ind1=" " ind2="7" tag="650"><subfield code="a">Insolvenzverfahren</subfield><subfield code="2">idszbz</subfield></datafield><datafield ind1=" " ind2="7" tag="650"><subfield code="a">Internationales Insolvenzrecht</subfield><subfield code="2">idszbz</subfield></datafield><datafield ind1=" " ind2="7" tag="651"><subfield code="a">Allemagne</subfield><subfield code="0">(IDREF)027218856</subfield><subfield code="2">idref</subfield></datafield><datafield ind1=" " ind2="7" tag="651"><subfield code="a">Deutschland</subfield><subfield code="2">idszbz</subfield></datafield><datafield ind1=" " ind2="7" tag="655"><subfield code="a">Hochschulschrift</subfield><subfield code="2">gnd-content</subfield></datafield><datafield ind1=" " ind2=" " tag="830"><subfield code="a">Studien zum vergleichenden und internationalen Recht</subfield><subfield code="v">113</subfield><subfield code="w">(NEBIS)000549769EBI01</subfield></datafield><datafield ind1=" " ind2=" " tag="900"><subfield code="a">REROnoselfmerge</subfield></datafield><datafield ind1=" " ind2=" " tag="900"><subfield code="a">IDSZ2rwimon200511f</subfield><subfield code="c">IDSZ2buche 051101</subfield><subfield code="d">IDSZ2rwiswk200511b</subfield><subfield code="e">IDSZ2freid</subfield></datafield></record>
</metadata></record>