<record><header><identifier>oai:alma.41SLSP_UGE:991000023199705502</identifier><datestamp>2023-03-01T01:09:13Z</datestamp><setSpec>uge_bcen_RapidILL_BOOK</setSpec><setSpec>uge_aaca_RapidILL_BOOK</setSpec><setSpec>uge_abels_RapidILL_BOOK</setSpec><setSpec>uge_dbu_RapidILL_BOOK</setSpec><setSpec>uge_cmu_RapidILL_BOOK</setSpec><setSpec>uge_mail_RapidILL_BOOK</setSpec><setSpec>UNIGE_ALL</setSpec><setSpec>uge_abbat_RapidILL_BOOK</setSpec><setSpec>uge_aobs_RapidILL_BOOK</setSpec><setSpec>uge_acar_RapidILL_BOOK</setSpec></header><metadata>
<record xmlns="http://www.loc.gov/MARC21/slim" xmlns:xsi="http://www.w3.org/2001/XMLSchema-instance" xsi:schemaLocation="http://www.loc.gov/MARC21/slim http://www.loc.gov/standards/marcxml/schema/MARC21slim.xsd"><leader>01122nam a22003372c 4500</leader><controlfield tag="001">991000023199705502</controlfield><controlfield tag="005">20230121170814.0</controlfield><controlfield tag="008">140725s2007    sp ||||| |||| 00| ||spa d</controlfield><datafield ind1=" " ind2=" " tag="020"><subfield code="a">8466369295</subfield></datafield><datafield ind1=" " ind2=" " tag="020"><subfield code="a">9788466369299</subfield></datafield><datafield ind1=" " ind2=" " tag="035"><subfield code="a">(swissbib)12022416X-41slsp_network</subfield></datafield><datafield ind1=" " ind2=" " tag="035"><subfield code="a">12022416X</subfield><subfield code="9">ExL</subfield></datafield><datafield ind1=" " ind2=" " tag="035"><subfield code="a">(RERO)R007817040-41slsp</subfield></datafield><datafield ind1=" " ind2=" " tag="035"><subfield code="a">(EXLNZ-41SLSP_NETWORK)991069222679705501</subfield></datafield><datafield ind1=" " ind2=" " tag="040"><subfield code="a">Es-BaCBU</subfield><subfield code="d">CH-ZuSLS</subfield></datafield><datafield ind1=" " ind2="7" tag="072"><subfield code="a">es</subfield><subfield code="2">rero</subfield></datafield><datafield ind1="1" ind2=" " tag="100"><subfield code="a">Gibson, Ian</subfield><subfield code="d">1939-....</subfield><subfield code="0">(IDREF)026890488</subfield><subfield code="4">cre</subfield></datafield><datafield ind1="1" ind2="0" tag="245"><subfield code="a">Ligero de equipaje</subfield><subfield code="b">la vida de Antonio Machado</subfield><subfield code="c">Ian Gibson</subfield></datafield><datafield ind1=" " ind2="1" tag="264"><subfield code="a">Madrid</subfield><subfield code="b">Punto de Lectura</subfield><subfield code="c">[2007]</subfield></datafield><datafield ind1=" " ind2="4" tag="264"><subfield code="c">© 2007</subfield></datafield><datafield ind1=" " ind2=" " tag="300"><subfield code="a">839 p., [32] p. de làm.</subfield><subfield code="b">il.</subfield><subfield code="c">19 cm</subfield></datafield><datafield ind1=" " ind2=" " tag="336"><subfield code="b">txt</subfield><subfield code="2">rdacontent</subfield></datafield><datafield ind1=" " ind2=" " tag="337"><subfield code="b">n</subfield><subfield code="2">rdamedia</subfield></datafield><datafield ind1=" " ind2=" " tag="338"><subfield code="b">nc</subfield><subfield code="2">rdacarrier</subfield></datafield><datafield ind1="1" ind2=" " tag="490"><subfield code="a">Punto de lectura</subfield><subfield code="v">177/1. Biografía</subfield></datafield><datafield ind1=" " ind2=" " tag="500"><subfield code="a">Reimpressions: 2007</subfield></datafield><datafield ind1=" " ind2=" " tag="504"><subfield code="a">Bibliografia p. 789-813. Índex.</subfield></datafield><datafield ind1="1" ind2="7" tag="600"><subfield code="a">Machado, Antonio</subfield><subfield code="d">1875-1939</subfield><subfield code="0">(IDREF)026662663</subfield><subfield code="2">idref</subfield></datafield><datafield ind1=" " ind2="7" tag="655"><subfield code="a">Biographie</subfield><subfield code="0">(IDREF)027281558</subfield><subfield code="2">idref</subfield></datafield><datafield ind1=" " ind2="0" tag="830"><subfield code="a">Punto de lectura</subfield><subfield code="v">177/1</subfield></datafield><datafield ind1=" " ind2=" " tag="900"><subfield code="a">REROnoselfmerge</subfield></datafield><datafield ind1=" " ind2=" " tag="910"><subfield code="a">OCoLC</subfield><subfield code="b">20140725</subfield><subfield code="c">Droits réservés</subfield></datafield><datafield ind1=" " ind2=" " tag="993"><subfield code="a">BFLA 255666</subfield><subfield code="x">ge/ules/a/13/166</subfield><subfield code="9">LOCAL</subfield></datafield></record>
</metadata></record>