<record><header><identifier>oai:alma.41SLSP_UGE:991000022879705502</identifier><datestamp>2024-03-15T01:27:05Z</datestamp><setSpec>uge_bcen_RapidILL_BOOK</setSpec><setSpec>uge_aaca_RapidILL_BOOK</setSpec><setSpec>uge_abels_RapidILL_BOOK</setSpec><setSpec>uge_dbu_RapidILL_BOOK</setSpec><setSpec>uge_cmu_RapidILL_BOOK</setSpec><setSpec>uge_mail_RapidILL_BOOK</setSpec><setSpec>uge_abbat_RapidILL_BOOK</setSpec><setSpec>UNIGE_ALL</setSpec><setSpec>uge_aobs_RapidILL_BOOK</setSpec><setSpec>uge_acar_RapidILL_BOOK</setSpec></header><metadata>
<record xmlns="http://www.loc.gov/MARC21/slim" xmlns:xsi="http://www.w3.org/2001/XMLSchema-instance" xsi:schemaLocation="http://www.loc.gov/MARC21/slim http://www.loc.gov/standards/marcxml/schema/MARC21slim.xsd"><leader>00876nam a22002417c 4500</leader><controlfield tag="001">991000022879705502</controlfield><controlfield tag="005">20240314214840.0</controlfield><controlfield tag="008">070718s1793    gw ||||| |||| 00| ||lat d</controlfield><datafield ind1=" " ind2=" " tag="035"><subfield code="a">(swissbib)105608424-41slsp_network</subfield></datafield><datafield ind1=" " ind2=" " tag="035"><subfield code="a">105608424</subfield><subfield code="9">ExL</subfield></datafield><datafield ind1=" " ind2=" " tag="035"><subfield code="a">(RERO)R004513819-41slsp</subfield></datafield><datafield ind1=" " ind2=" " tag="035"><subfield code="a">(EXLNZ-41SLSP_NETWORK)991126734339705501</subfield></datafield><datafield ind1=" " ind2=" " tag="040"><subfield code="a">RERO gefoha</subfield><subfield code="d">CH-ZuSLS</subfield></datafield><datafield ind1=" " ind2="7" tag="072"><subfield code="a">gr</subfield><subfield code="2">rero</subfield></datafield><datafield ind1="0" ind2=" " tag="100"><subfield code="a">Anacréon</subfield><subfield code="d">0560-0478 av. J.-C.</subfield><subfield code="0">(IDREF)032840225</subfield><subfield code="4">cre</subfield></datafield><datafield ind1="1" ind2="0" tag="245"><subfield code="a">Anacreontis Teii Carmina</subfield><subfield code="c">graece e recensione Guilielmi Baxteri cum ejusdem, Henr. item Stephani atque Taneguidi Fabri notis ; edidit Joh. Frider. Fischerus</subfield></datafield><datafield ind1=" " ind2="1" tag="264"><subfield code="a">Lipsiae</subfield><subfield code="b">Io. Irenotheus Mylius</subfield><subfield code="c">1793</subfield></datafield><datafield ind1=" " ind2=" " tag="300"><subfield code="a">XCVI, 572 p.</subfield><subfield code="c">in-8°</subfield></datafield><datafield ind1=" " ind2=" " tag="336"><subfield code="b">txt</subfield><subfield code="2">rdacontent</subfield></datafield><datafield ind1=" " ind2=" " tag="337"><subfield code="b">n</subfield><subfield code="2">rdamedia</subfield></datafield><datafield ind1=" " ind2=" " tag="338"><subfield code="b">nc</subfield><subfield code="2">rdacarrier</subfield></datafield><datafield ind1=" " ind2=" " tag="500"><subfield code="a">Titre conventionnel: Odae</subfield></datafield><datafield ind1="1" ind2=" " tag="700"><subfield code="a">Baxter, William</subfield><subfield code="0">(RERO)A002979563</subfield></datafield><datafield ind1=" " ind2=" " tag="900"><subfield code="a">REROswissbibnomerge</subfield></datafield></record>
</metadata></record>