<record><header><identifier>oai:alma.41SLSP_UGE:991000023629705502</identifier><datestamp>2023-03-01T01:09:13Z</datestamp><setSpec>uge_bcen_RapidILL_BOOK</setSpec><setSpec>uge_aaca_RapidILL_BOOK</setSpec><setSpec>uge_abels_RapidILL_BOOK</setSpec><setSpec>uge_dbu_RapidILL_BOOK</setSpec><setSpec>uge_cmu_RapidILL_BOOK</setSpec><setSpec>uge_mail_RapidILL_BOOK</setSpec><setSpec>UNIGE_ALL</setSpec><setSpec>uge_abbat_RapidILL_BOOK</setSpec><setSpec>uge_aobs_RapidILL_BOOK</setSpec><setSpec>uge_acar_RapidILL_BOOK</setSpec></header><metadata>
<record xmlns="http://www.loc.gov/MARC21/slim" xmlns:xsi="http://www.w3.org/2001/XMLSchema-instance" xsi:schemaLocation="http://www.loc.gov/MARC21/slim http://www.loc.gov/standards/marcxml/schema/MARC21slim.xsd"><leader>01051nam a2200289 c 4500</leader><controlfield tag="001">991000023629705502</controlfield><controlfield tag="005">20211016181149.0</controlfield><controlfield tag="008">010417s2000    ii ||||| |||| 00| ||eng d</controlfield><datafield ind1=" " ind2=" " tag="020"><subfield code="a">8186318712</subfield></datafield><datafield ind1=" " ind2=" " tag="035"><subfield code="a">(swissbib)09671638X-41slsp_network</subfield></datafield><datafield ind1=" " ind2=" " tag="035"><subfield code="a">09671638X</subfield><subfield code="9">ExL</subfield></datafield><datafield ind1=" " ind2=" " tag="035"><subfield code="a">(RERO)R003026008-41slsp</subfield></datafield><datafield ind1=" " ind2=" " tag="035"><subfield code="a">(EXLNZ-41SLSP_NETWORK)991058732939705501</subfield></datafield><datafield ind1=" " ind2=" " tag="040"><subfield code="a">RERO geullc</subfield><subfield code="d">CH-ZuSLS</subfield></datafield><datafield ind1=" " ind2="7" tag="072"><subfield code="a">lc</subfield><subfield code="2">rero</subfield></datafield><datafield ind1="0" ind2="0" tag="245"><subfield code="a">Dramatic theory and practice</subfield><subfield code="b">Indian and Western</subfield><subfield code="c">ed. M.S. Kushwaha</subfield></datafield><datafield ind1=" " ind2="1" tag="264"><subfield code="a">New Delhi</subfield><subfield code="b">Creative Books</subfield><subfield code="c">2000</subfield></datafield><datafield ind1=" " ind2=" " tag="300"><subfield code="a">VIII, 152 p.</subfield><subfield code="c">23 cm</subfield></datafield><datafield ind1=" " ind2=" " tag="336"><subfield code="b">txt</subfield><subfield code="2">rdacontent</subfield></datafield><datafield ind1=" " ind2=" " tag="337"><subfield code="b">n</subfield><subfield code="2">rdamedia</subfield></datafield><datafield ind1=" " ind2=" " tag="338"><subfield code="b">nc</subfield><subfield code="2">rdacarrier</subfield></datafield><datafield ind1="1" ind2=" " tag="490"><subfield code="a">Creative new literatures series</subfield><subfield code="v">37</subfield></datafield><datafield ind1=" " ind2="7" tag="650"><subfield code="a">Théâtre (genre littéraire) indien</subfield><subfield code="0">(RERO)A027726117</subfield><subfield code="2">rero</subfield></datafield><datafield ind1=" " ind2="7" tag="650"><subfield code="a">Théâtre (genre littéraire) occidental</subfield><subfield code="0">(RERO)A027725575</subfield><subfield code="2">rero</subfield></datafield><datafield ind1=" " ind2="7" tag="655"><subfield code="a">[Études diverses]</subfield><subfield code="0">(RERO)A022249905</subfield><subfield code="2">rero</subfield></datafield><datafield ind1="1" ind2=" " tag="700"><subfield code="a">Kushwaha, Mahesh Singh</subfield><subfield code="d">1938-....</subfield><subfield code="0">(IDREF)252664531</subfield></datafield><datafield ind1=" " ind2=" " tag="830"><subfield code="a">Creative new literatures series</subfield><subfield code="v">37</subfield><subfield code="w">(RERO)R223271360-41slsp</subfield></datafield><datafield ind1=" " ind2=" " tag="900"><subfield code="a">REROnoselfmerge</subfield></datafield></record>
</metadata></record>