<record><header><identifier>oai:alma.41SLSP_UGE:991000022689705502</identifier><datestamp>2024-05-17T05:34:04Z</datestamp><setSpec>uge_bcen_RapidILL_BOOK</setSpec><setSpec>uge_aaca_RapidILL_BOOK</setSpec><setSpec>uge_abels_RapidILL_BOOK</setSpec><setSpec>uge_dbu_RapidILL_BOOK</setSpec><setSpec>uge_cmu_RapidILL_BOOK</setSpec><setSpec>uge_mail_RapidILL_BOOK</setSpec><setSpec>uge_abbat_RapidILL_BOOK</setSpec><setSpec>UNIGE_ALL</setSpec><setSpec>uge_aobs_RapidILL_BOOK</setSpec><setSpec>uge_acar_RapidILL_BOOK</setSpec></header><metadata>
<record xmlns="http://www.loc.gov/MARC21/slim" xmlns:xsi="http://www.w3.org/2001/XMLSchema-instance" xsi:schemaLocation="http://www.loc.gov/MARC21/slim http://www.loc.gov/standards/marcxml/schema/MARC21slim.xsd"><leader>01656nam a22004092c 4500</leader><controlfield tag="001">991000022689705502</controlfield><controlfield tag="005">20220725110917.0</controlfield><controlfield tag="008">201012s1982    gw            00| | fre d</controlfield><datafield ind1=" " ind2=" " tag="020"><subfield code="z">2865031746</subfield></datafield><datafield ind1=" " ind2=" " tag="035"><subfield code="a">(swissbib)241457793-41slsp_network</subfield></datafield><datafield ind1=" " ind2=" " tag="035"><subfield code="a">241457793</subfield><subfield code="9">ExL</subfield></datafield><datafield ind1=" " ind2=" " tag="035"><subfield code="a">(IDSBB)000486948DSV01</subfield></datafield><datafield ind1=" " ind2=" " tag="035"><subfield code="a">(RERO)0407800-41slsp</subfield></datafield><datafield ind1=" " ind2=" " tag="035"><subfield code="a">(NEBIS)003157196EBI01</subfield></datafield><datafield ind1=" " ind2=" " tag="035"><subfield code="a">(EXLNZ-41SLSP_NETWORK)991093362659705501</subfield></datafield><datafield ind1=" " ind2=" " tag="040"><subfield code="a">SzZuIDS BS/BE A100</subfield><subfield code="b">ger</subfield><subfield code="e">kids</subfield><subfield code="d">CH-ZuSLS</subfield></datafield><datafield ind1=" " ind2="7" tag="072"><subfield code="a">ph</subfield><subfield code="2">SzZuIDS BS/BE</subfield></datafield><datafield ind1=" " ind2="7" tag="072"><subfield code="a">fr</subfield><subfield code="2">rero</subfield></datafield><datafield ind1="1" ind2=" " tag="080"><subfield code="a">840&quot;15&quot;RAB.F7Nav</subfield></datafield><datafield ind1=" " ind2=" " tag="084"><subfield code="a">IF 3403</subfield><subfield code="2">rvk</subfield></datafield><datafield ind1=" " ind2=" " tag="084"><subfield code="a">IF 3823</subfield><subfield code="2">rvk</subfield></datafield><datafield ind1="1" ind2=" " tag="100"><subfield code="a">Rabelais, François</subfield><subfield code="d">1490-1553</subfield><subfield code="0">(DE-588)118597450</subfield></datafield><datafield ind1="1" ind2="0" tag="245"><subfield code="a">&lt;&lt;Le&gt;&gt; disciple de Pantagruel</subfield><subfield code="b">(Les navigations de Panurge) ; édition critique</subfield><subfield code="c">publiée par Guy Demerson et Christiane Lauvergnat-Gagnière</subfield></datafield><datafield ind1=" " ind2="1" tag="264"><subfield code="a">Paris</subfield><subfield code="b">Nizet</subfield><subfield code="c">1982</subfield></datafield><datafield ind1=" " ind2=" " tag="300"><subfield code="a">LXXXII, 102 S.</subfield><subfield code="b">Ill.</subfield><subfield code="c">19 cm</subfield></datafield><datafield ind1=" " ind2=" " tag="336"><subfield code="b">txt</subfield><subfield code="2">rdacontent</subfield></datafield><datafield ind1=" " ind2=" " tag="337"><subfield code="b">n</subfield><subfield code="2">rdamedia</subfield></datafield><datafield ind1=" " ind2=" " tag="338"><subfield code="b">nc</subfield><subfield code="2">rdacarrier</subfield></datafield><datafield ind1="1" ind2=" " tag="490"><subfield code="a">Société des textes français modernes</subfield><subfield code="v">175</subfield></datafield><datafield ind1="1" ind2="7" tag="600"><subfield code="a">Rabelais, François</subfield><subfield code="d">1490-1553</subfield><subfield code="t">&lt;&lt;Le&gt;&gt; disciple de Pantagruel</subfield><subfield code="0">(DE-588)4006169-3</subfield><subfield code="2">gnd</subfield></datafield><datafield ind1="1" ind2=" " tag="700"><subfield code="a">Lauvergnat-Gagnière, Christiane</subfield><subfield code="d">1930-2010</subfield><subfield code="0">(IDREF)02696998X</subfield></datafield><datafield ind1="1" ind2=" " tag="700"><subfield code="a">Lauvergnat-Gagnière, Christiane</subfield><subfield code="0">(DE-588)1045719676</subfield></datafield><datafield ind1="1" ind2=" " tag="700"><subfield code="a">Demerson, Guy</subfield><subfield code="d">1928-2020</subfield><subfield code="6">880-03</subfield><subfield code="0">(DE-588)119161605</subfield></datafield><datafield ind1="1" ind2=" " tag="880"><subfield code="6">700-03</subfield><subfield code="a">Demerson, Guy</subfield><subfield code="d">1928-2020</subfield><subfield code="0">(IDREF)026823365</subfield></datafield><datafield ind1=" " ind2=" " tag="830"><subfield code="a">Société des Textes Français Modernes</subfield><subfield code="v">175</subfield><subfield code="w">(NEBIS)000989431EBI01</subfield></datafield><datafield ind1=" " ind2=" " tag="830"><subfield code="a">Société des textes français modernes</subfield><subfield code="v">175</subfield><subfield code="w">(IDSBB)000439034DSV01</subfield></datafield><datafield ind1=" " ind2=" " tag="900"><subfield code="a">REROnoselfmerge</subfield></datafield><datafield ind1=" " ind2=" " tag="900"><subfield code="a">IDSZRMedeaZBZ</subfield><subfield code="b">IDSZRSWK</subfield></datafield></record>
</metadata></record>