<record><header><identifier>oai:alma.41SLSP_UGE:991000023209705502</identifier><datestamp>2024-04-05T00:24:00Z</datestamp><setSpec>uge_bcen_RapidILL_BOOK</setSpec><setSpec>uge_aaca_RapidILL_BOOK</setSpec><setSpec>uge_abels_RapidILL_BOOK</setSpec><setSpec>uge_dbu_RapidILL_BOOK</setSpec><setSpec>uge_cmu_RapidILL_BOOK</setSpec><setSpec>uge_mail_RapidILL_BOOK</setSpec><setSpec>uge_abbat_RapidILL_BOOK</setSpec><setSpec>UNIGE_ALL</setSpec><setSpec>uge_acar_RapidILL_BOOK</setSpec><setSpec>uge_aobs_RapidILL_BOOK</setSpec></header><metadata>
<record xmlns="http://www.loc.gov/MARC21/slim" xmlns:xsi="http://www.w3.org/2001/XMLSchema-instance" xsi:schemaLocation="http://www.loc.gov/MARC21/slim http://www.loc.gov/standards/marcxml/schema/MARC21slim.xsd"><leader>03874nam a2200877 c 4500</leader><controlfield tag="001">991000023209705502</controlfield><controlfield tag="005">20240404155333.0</controlfield><controlfield tag="008">201011s1993    gw ||||| |||| 00| ||ger d</controlfield><datafield ind1=" " ind2=" " tag="020"><subfield code="a">3892040710</subfield><subfield code="q">brosch.</subfield></datafield><datafield ind1=" " ind2=" " tag="035"><subfield code="a">(swissbib)223155292-41slsp_network</subfield></datafield><datafield ind1=" " ind2=" " tag="035"><subfield code="a">223155292</subfield><subfield code="9">ExL</subfield></datafield><datafield ind1=" " ind2=" " tag="035"><subfield code="a">(RERO)1907193-41slsp</subfield></datafield><datafield ind1=" " ind2=" " tag="035"><subfield code="a">(NEBIS)001424511EBI01</subfield></datafield><datafield ind1=" " ind2=" " tag="035"><subfield code="a">(IDSBB)000934468DSV01</subfield></datafield><datafield ind1=" " ind2=" " tag="035"><subfield code="a">(IDSSG)000078630HSB01</subfield></datafield><datafield ind1=" " ind2=" " tag="035"><subfield code="a">(ALEX)bv00401055</subfield></datafield><datafield ind1=" " ind2=" " tag="035"><subfield code="a">(EXLNZ-41SLSP_NETWORK)991066036119705501</subfield></datafield><datafield ind1=" " ind2=" " tag="040"><subfield code="a">RERO gehei-</subfield><subfield code="d">CH-ZuSLS</subfield></datafield><datafield ind1=" " ind2="7" tag="072"><subfield code="a">sp</subfield><subfield code="2">rero</subfield></datafield><datafield ind1=" " ind2="7" tag="072"><subfield code="a">po</subfield><subfield code="2">SzZuIDS BS/BE</subfield></datafield><datafield ind1="0" ind2="0" tag="082"><subfield code="a">323.1/09171/7</subfield><subfield code="2">20</subfield></datafield><datafield ind1="1" ind2="4" tag="082"><subfield code="a">320</subfield><subfield code="2">15</subfield></datafield><datafield ind1="7" ind2="4" tag="082"><subfield code="a">340</subfield><subfield code="2">23sdnb</subfield></datafield><datafield ind1=" " ind2=" " tag="084"><subfield code="a">GZ 0360</subfield><subfield code="2">rvk</subfield></datafield><datafield ind1=" " ind2=" " tag="084"><subfield code="a">MG 80968</subfield><subfield code="2">rvk</subfield></datafield><datafield ind1=" " ind2=" " tag="084"><subfield code="a">PR 2215</subfield><subfield code="2">rvk</subfield></datafield><datafield ind1=" " ind2=" " tag="084"><subfield code="a">RP 80798</subfield><subfield code="2">rvk</subfield></datafield><datafield ind1=" " ind2=" " tag="084"><subfield code="a">RP 80808</subfield><subfield code="2">rvk</subfield></datafield><datafield ind1="1" ind2=" " tag="100"><subfield code="6">880-01</subfield><subfield code="a">Brunner, Georg</subfield><subfield code="d">1936-2002</subfield><subfield code="0">(DE-588)123640040</subfield></datafield><datafield ind1="1" ind2=" " tag="880"><subfield code="6">100-01</subfield><subfield code="a">Brunner, Georg</subfield><subfield code="d">1936-2002</subfield><subfield code="0">(IDREF)028505093</subfield><subfield code="4">cre</subfield></datafield><datafield ind1="1" ind2="0" tag="245"><subfield code="a">Nationalitätenprobleme und Minderheitenkonflikte in Osteuropa</subfield><subfield code="c">[Georg Brunner]</subfield></datafield><datafield ind1=" " ind2="1" tag="264"><subfield code="a">Gütersloh</subfield><subfield code="b">Verl. Bertelsmann Stiftung</subfield><subfield code="c">[1993]</subfield></datafield><datafield ind1=" " ind2="4" tag="264"><subfield code="c">© 1993</subfield></datafield><datafield ind1=" " ind2=" " tag="300"><subfield code="a">143 p.</subfield><subfield code="b">ill.</subfield><subfield code="c">21 cm</subfield></datafield><datafield ind1=" " ind2=" " tag="336"><subfield code="b">txt</subfield><subfield code="2">rdacontent</subfield></datafield><datafield ind1=" " ind2=" " tag="337"><subfield code="b">n</subfield><subfield code="2">rdamedia</subfield></datafield><datafield ind1=" " ind2=" " tag="338"><subfield code="b">nc</subfield><subfield code="2">rdacarrier</subfield></datafield><datafield ind1="1" ind2=" " tag="490"><subfield code="a">Strategie und Optionen für die Zukunft Europas. Arbeitspapiere</subfield><subfield code="v">10</subfield></datafield><datafield ind1=" " ind2="7" tag="650"><subfield code="a">conflit</subfield><subfield code="0">(RERO)A010067675</subfield><subfield code="2">rerovoc</subfield></datafield><datafield ind1=" " ind2="7" tag="650"><subfield code="a">État</subfield><subfield code="0">(IDREF)027297942</subfield><subfield code="2">idref</subfield></datafield><datafield ind1=" " ind2="7" tag="650"><subfield code="a">indépendance nationale</subfield><subfield code="0">(RERO)A009964022</subfield><subfield code="2">rerovoc</subfield></datafield><datafield ind1=" " ind2="7" tag="650"><subfield code="a">minorité ethnique</subfield><subfield code="0">(RERO)A009978621</subfield><subfield code="2">rerovoc</subfield></datafield><datafield ind1=" " ind2="7" tag="650"><subfield code="a">Minorités</subfield><subfield code="0">(IDREF)027239543</subfield><subfield code="2">idref</subfield></datafield><datafield ind1=" " ind2="7" tag="650"><subfield code="a">Nationalités</subfield><subfield code="0">(IDREF)027679683</subfield><subfield code="2">idref</subfield></datafield><datafield ind1=" " ind2="7" tag="650"><subfield code="a">Minderheitenpolitik</subfield><subfield code="0">(DE-588)4170001-6</subfield><subfield code="2">gnd</subfield></datafield><datafield ind1=" " ind2="7" tag="650"><subfield code="a">Nationalitätenpolitik</subfield><subfield code="0">(DE-588)4041303-2</subfield><subfield code="2">gnd</subfield></datafield><datafield ind1=" " ind2="7" tag="650"><subfield code="a">Minderheit</subfield><subfield code="2">idszbz</subfield></datafield><datafield ind1=" " ind2="7" tag="650"><subfield code="a">Nationalismus</subfield><subfield code="2">idszbz</subfield></datafield><datafield ind1=" " ind2="0" tag="650"><subfield code="a">Human rights</subfield><subfield code="z">Europe, Eastern</subfield></datafield><datafield ind1=" " ind2="0" tag="650"><subfield code="a">Minorities</subfield><subfield code="z">Europe, Eastern</subfield></datafield><datafield ind1=" " ind2="7" tag="650"><subfield code="a">ETHNISCHE GRUPPEN + ETHNIEN (ETHNOLOGIE)</subfield><subfield code="9">ger</subfield><subfield code="0">(ETHUDK)000012350</subfield><subfield code="2">ethudk</subfield></datafield><datafield ind1=" " ind2="7" tag="650"><subfield code="a">MINDERHEITENKONFLIKTE (INNENPOLITIK)</subfield><subfield code="9">ger</subfield><subfield code="0">(ETHUDK)000058162</subfield><subfield code="2">ethudk</subfield></datafield><datafield ind1=" " ind2="7" tag="650"><subfield code="a">NATIONALE MINDERHEITEN + ETHNISCHE MINDERHEITEN (INNENPOLITIK)</subfield><subfield code="9">ger</subfield><subfield code="0">(ETHUDK)000010149</subfield><subfield code="2">ethudk</subfield></datafield><datafield ind1=" " ind2="7" tag="650"><subfield code="a">NATIONALISMUS + NATIONALBEWUSSTSEIN + CHAUVINISMUS + PATRIOTISMUS (INNENPOLITIK)</subfield><subfield code="9">ger</subfield><subfield code="0">(ETHUDK)000010148</subfield><subfield code="2">ethudk</subfield></datafield><datafield ind1=" " ind2="7" tag="650"><subfield code="a">OSTEUROPA</subfield><subfield code="9">ger</subfield><subfield code="0">(ETHUDK)000001602</subfield><subfield code="2">ethudk</subfield></datafield><datafield ind1=" " ind2="7" tag="650"><subfield code="a">STAAT + NATION + NATIONALSTAAT (STAATSRECHT)</subfield><subfield code="9">ger</subfield><subfield code="0">(ETHUDK)000011084</subfield><subfield code="2">ethudk</subfield></datafield><datafield ind1=" " ind2="7" tag="650"><subfield code="a">Minderheit</subfield><subfield code="z">Osteuropa</subfield><subfield code="2">idsbb</subfield></datafield><datafield ind1=" " ind2="7" tag="650"><subfield code="a">Minderheitenfrage</subfield><subfield code="0">(DE-588)4169999-3</subfield><subfield code="2">gnd</subfield></datafield><datafield ind1=" " ind2="7" tag="650"><subfield code="a">Minderheitenrecht</subfield><subfield code="0">(DE-588)4039411-6</subfield><subfield code="2">gnd</subfield></datafield><datafield ind1=" " ind2="7" tag="650"><subfield code="a">Nationalitätenfrage</subfield><subfield code="0">(DE-588)4126113-6</subfield><subfield code="2">gnd</subfield></datafield><datafield ind1=" " ind2="7" tag="651"><subfield code="a">Europe de l'Est</subfield><subfield code="0">(IDREF)027224678</subfield><subfield code="2">idref</subfield></datafield><datafield ind1=" " ind2="7" tag="651"><subfield code="a">Sowjetunion</subfield><subfield code="0">(DE-588)4077548-3</subfield><subfield code="2">gnd</subfield></datafield><datafield ind1=" " ind2="7" tag="651"><subfield code="a">Osteuropa</subfield><subfield code="2">idszbz</subfield></datafield><datafield ind1=" " ind2="0" tag="651"><subfield code="a">Europe, Eastern</subfield><subfield code="x">Ethnic relations</subfield></datafield><datafield ind1=" " ind2="7" tag="651"><subfield code="a">Osteuropa</subfield><subfield code="0">(DE-588)4075739-0</subfield><subfield code="2">gnd</subfield></datafield><datafield ind1=" " ind2=" " tag="690"><subfield code="a">Osteuropa allgemein</subfield><subfield code="2">uzb-ZA</subfield></datafield><datafield ind1=" " ind2=" " tag="690"><subfield code="a">Nationalismus Nationalitätenfrage</subfield><subfield code="2">uzb-ZA</subfield></datafield><datafield ind1=" " ind2=" " tag="690"><subfield code="a">1990-2000</subfield><subfield code="2">uzb-ZA</subfield></datafield><datafield ind1=" " ind2=" " tag="690"><subfield code="a">Europa &lt;Osteuropa&gt; : Nationalismus : Prognose</subfield><subfield code="2">uzb-UL</subfield></datafield><datafield ind1=" " ind2=" " tag="690"><subfield code="a">Europa &lt;Osteuropa&gt; : Nationalitaeten : Prognose</subfield><subfield code="2">uzb-UL</subfield></datafield><datafield ind1=" " ind2=" " tag="690"><subfield code="a">Europa &lt;Osteuropa&gt; : Minderheit : Prognose</subfield><subfield code="2">uzb-UL</subfield></datafield><datafield ind1=" " ind2=" " tag="830"><subfield code="a">Strategien und Optionen für die Zukunft Europas</subfield><subfield code="p">Arbeitspapiere</subfield><subfield code="v">10</subfield><subfield code="w">(NEBIS)000997001EBI01</subfield></datafield><datafield ind1=" " ind2=" " tag="830"><subfield code="a">Strategien und Optionen für die Zukunft Europas</subfield><subfield code="p">Arbeitspapiere</subfield><subfield code="v">10</subfield><subfield code="w">(RERO)1426646-41slsp</subfield></datafield><datafield ind1="4" ind2=" " tag="856"><subfield code="3">Titelblatt und Inhaltsverzeichnis</subfield><subfield code="u">https://toc.library.ethz.ch/objects/pdf_uzh50/5/UIPZ_001424511_TB-Inhalt_006542119.pdf</subfield><subfield code="q">pdf</subfield></datafield><datafield ind1=" " ind2=" " tag="900"><subfield code="a">REROnoselfmerge</subfield></datafield><datafield ind1=" " ind2=" " tag="900"><subfield code="a">IDSZ2rwimon201611l</subfield><subfield code="c">IDSZ2paru</subfield></datafield><datafield ind1=" " ind2=" " tag="949"><subfield code="a">https://toc.library.ethz.ch/objects/pdf_uzh50/5/UIPZ_001424511_TB-Inhalt_006542119.pdf</subfield></datafield><datafield ind1=" " ind2=" " tag="961"><subfield code="2">gsi</subfield><subfield code="a">323.15</subfield><subfield code="9">LOCAL</subfield></datafield></record>
</metadata></record>