<record><header><identifier>oai:alma.41SLSP_UGE:991000023419705502</identifier><datestamp>2023-06-27T00:15:44Z</datestamp><setSpec>uge_bcen_RapidILL_BOOK</setSpec><setSpec>uge_aaca_RapidILL_BOOK</setSpec><setSpec>uge_abels_RapidILL_BOOK</setSpec><setSpec>uge_dbu_RapidILL_BOOK</setSpec><setSpec>uge_cmu_RapidILL_BOOK</setSpec><setSpec>uge_mail_RapidILL_BOOK</setSpec><setSpec>uge_abbat_RapidILL_BOOK</setSpec><setSpec>UNIGE_ALL</setSpec><setSpec>uge_aobs_RapidILL_BOOK</setSpec><setSpec>uge_acar_RapidILL_BOOK</setSpec></header><metadata>
<record xmlns="http://www.loc.gov/MARC21/slim" xmlns:xsi="http://www.w3.org/2001/XMLSchema-instance" xsi:schemaLocation="http://www.loc.gov/MARC21/slim http://www.loc.gov/standards/marcxml/schema/MARC21slim.xsd"><leader>01134nam a2200313 c 4500</leader><controlfield tag="001">991000023419705502</controlfield><controlfield tag="005">20230625141307.0</controlfield><controlfield tag="008">960525m19731985ne ||||| |||| 00| ||grc d</controlfield><datafield ind1=" " ind2=" " tag="020"><subfield code="a">9004079106</subfield><subfield code="q">cloth, vol. 2</subfield></datafield><datafield ind1=" " ind2=" " tag="020"><subfield code="a">9004079114</subfield><subfield code="q">vol. 2</subfield></datafield><datafield ind1=" " ind2=" " tag="035"><subfield code="a">(swissbib)076579778-41slsp_network</subfield></datafield><datafield ind1=" " ind2=" " tag="035"><subfield code="a">076579778</subfield><subfield code="9">ExL</subfield></datafield><datafield ind1=" " ind2=" " tag="035"><subfield code="a">(RERO)0027606-41slsp</subfield></datafield><datafield ind1=" " ind2=" " tag="035"><subfield code="a">(EXLNZ-41SLSP_NETWORK)991159202269705501</subfield></datafield><datafield ind1=" " ind2=" " tag="040"><subfield code="a">RERO</subfield><subfield code="d">CH-ZuSLS</subfield></datafield><datafield ind1=" " ind2="7" tag="072"><subfield code="a">gr</subfield><subfield code="2">rero</subfield></datafield><datafield ind1="1" ind2=" " tag="080"><subfield code="a">875HESIO9</subfield></datafield><datafield ind1="1" ind2=" " tag="100"><subfield code="a">Hofinger, Marcel</subfield><subfield code="d">19..-....</subfield><subfield code="0">(IDREF)028381467</subfield><subfield code="4">cre</subfield></datafield><datafield ind1="1" ind2="0" tag="245"><subfield code="a">Lexicon Hesiodeum</subfield><subfield code="b">index inversus</subfield><subfield code="c">par M. Hofinger ; avec la collab. de M. Mund-Dopchie, D. Pinte... [et al.]</subfield></datafield><datafield ind1=" " ind2="1" tag="264"><subfield code="a">Leiden</subfield><subfield code="b">E.J. Brill</subfield><subfield code="c">1973-1985</subfield></datafield><datafield ind1=" " ind2=" " tag="300"><subfield code="a">2 vol.</subfield><subfield code="c">25 cm</subfield></datafield><datafield ind1=" " ind2=" " tag="336"><subfield code="b">txt</subfield><subfield code="2">rdacontent</subfield></datafield><datafield ind1=" " ind2=" " tag="337"><subfield code="b">n</subfield><subfield code="2">rdamedia</subfield></datafield><datafield ind1=" " ind2=" " tag="338"><subfield code="b">nc</subfield><subfield code="2">rdacarrier</subfield></datafield><datafield ind1=" " ind2=" " tag="500"><subfield code="a">1 vol. et 1 suppl</subfield></datafield><datafield ind1=" " ind2=" " tag="500"><subfield code="a">Titre du suppl.: Lexicon Hesiodeum cum indice inverso. Supplementum</subfield></datafield><datafield ind1="0" ind2="7" tag="600"><subfield code="a">Hésiode</subfield><subfield code="d">07..?-07..? av. J.-C.</subfield><subfield code="0">(IDREF)026921286</subfield><subfield code="2">idref</subfield></datafield><datafield ind1=" " ind2="7" tag="655"><subfield code="a">Dictionnaires</subfield><subfield code="2">idref</subfield><subfield code="0">(IDREF)027232050</subfield></datafield><datafield ind1="1" ind2=" " tag="700"><subfield code="a">Mund-Dopchie, Monique</subfield><subfield code="d">1943-....</subfield><subfield code="0">(IDREF)027909522</subfield></datafield><datafield ind1="1" ind2=" " tag="700"><subfield code="a">Pinte, D</subfield><subfield code="0">(RERO)A003696077</subfield></datafield></record>
</metadata></record>