<record><header><identifier>oai:alma.41SLSP_UGE:991000023619705502</identifier><datestamp>2024-03-09T01:39:45Z</datestamp><setSpec>uge_bcen_RapidILL_BOOK</setSpec><setSpec>uge_aaca_RapidILL_BOOK</setSpec><setSpec>uge_abels_RapidILL_BOOK</setSpec><setSpec>uge_dbu_RapidILL_BOOK</setSpec><setSpec>uge_cmu_RapidILL_BOOK</setSpec><setSpec>uge_mail_RapidILL_BOOK</setSpec><setSpec>uge_abbat_RapidILL_BOOK</setSpec><setSpec>UNIGE_ALL</setSpec><setSpec>uge_acar_RapidILL_BOOK</setSpec><setSpec>uge_aobs_RapidILL_BOOK</setSpec></header><metadata>
<record xmlns="http://www.loc.gov/MARC21/slim" xmlns:xsi="http://www.w3.org/2001/XMLSchema-instance" xsi:schemaLocation="http://www.loc.gov/MARC21/slim http://www.loc.gov/standards/marcxml/schema/MARC21slim.xsd"><leader>03112nam a2200757 c 4500</leader><controlfield tag="001">991000023619705502</controlfield><controlfield tag="005">20240308214246.0</controlfield><controlfield tag="008">201011s2009    gw ||||| |||| 00| ||ger d</controlfield><datafield ind1=" " ind2=" " tag="015"><subfield code="a">GFR-CIP-08,N50,2150</subfield><subfield code="a">DNB-09,A15,2028</subfield></datafield><datafield ind1="7" ind2=" " tag="016"><subfield code="a">991441869</subfield><subfield code="2">GyFmDB</subfield></datafield><datafield ind1=" " ind2=" " tag="020"><subfield code="a">9783458174431</subfield><subfield code="q">Pp.</subfield><subfield code="c">EUR 34.00 (DE), EUR 35.00 (AT), sfr 55.50 (freier Pr.)</subfield></datafield><datafield ind1=" " ind2=" " tag="035"><subfield code="a">(swissbib)213767155-41slsp_network</subfield></datafield><datafield ind1=" " ind2=" " tag="035"><subfield code="a">213767155</subfield><subfield code="9">ExL</subfield></datafield><datafield ind1=" " ind2=" " tag="035"><subfield code="a">(RERO)R005179031-41slsp</subfield></datafield><datafield ind1=" " ind2=" " tag="035"><subfield code="a">(IDSBB)004831632DSV01</subfield></datafield><datafield ind1=" " ind2=" " tag="035"><subfield code="a">(IDSLU)000634724ILU01</subfield></datafield><datafield ind1=" " ind2=" " tag="035"><subfield code="a">(NEBIS)005801865EBI01</subfield></datafield><datafield ind1=" " ind2=" " tag="035"><subfield code="a">(ABN)000485138ABN01</subfield></datafield><datafield ind1=" " ind2=" " tag="035"><subfield code="a">(EXLNZ-41SLSP_NETWORK)991001304339705501</subfield></datafield><datafield ind1=" " ind2=" " tag="040"><subfield code="a">RERO geulal</subfield><subfield code="d">CH-ZuSLS</subfield></datafield><datafield ind1=" " ind2="7" tag="072"><subfield code="a">al</subfield><subfield code="2">rero</subfield></datafield><datafield ind1=" " ind2="7" tag="072"><subfield code="a">nd</subfield><subfield code="2">SzZuIDS BS/BE</subfield></datafield><datafield ind1=" " ind2="7" tag="072"><subfield code="a">520</subfield><subfield code="2">IDS LU</subfield></datafield><datafield ind1="0" ind2="4" tag="082"><subfield code="a">831.6</subfield><subfield code="2">22/ger</subfield></datafield><datafield ind1="1" ind2="4" tag="082"><subfield code="a">830</subfield><subfield code="2">15</subfield></datafield><datafield ind1=" " ind2=" " tag="084"><subfield code="a">9,11</subfield><subfield code="2">ssgn</subfield></datafield><datafield ind1=" " ind2=" " tag="084"><subfield code="a">GK 4022</subfield><subfield code="2">rvk</subfield></datafield><datafield ind1=" " ind2=" " tag="084"><subfield code="a">GK 4032</subfield><subfield code="2">rvk</subfield></datafield><datafield ind1=" " ind2=" " tag="084"><subfield code="a">GK 4185</subfield><subfield code="2">rvk</subfield></datafield><datafield ind1=" " ind2=" " tag="084"><subfield code="a">GK 4441</subfield><subfield code="2">rvk</subfield></datafield><datafield ind1="1" ind2=" " tag="100"><subfield code="a">Damm, Sigrid</subfield><subfield code="d">1940-</subfield><subfield code="0">(DE-588)121550656</subfield><subfield code="6">880-01</subfield></datafield><datafield ind1="1" ind2=" " tag="880"><subfield code="6">100-01</subfield><subfield code="a">Damm, Sigrid</subfield><subfield code="d">1940-....</subfield><subfield code="0">(IDREF)029323991</subfield><subfield code="4">cre</subfield></datafield><datafield ind1="1" ind2="0" tag="245"><subfield code="a">&quot;Geheimnissvoll offenbar&quot;</subfield><subfield code="b">Goethe im Berg</subfield><subfield code="c">Sigrid Damm, Hamster Damm</subfield></datafield><datafield ind1="1" ind2="3" tag="246"><subfield code="a">Geheimnisvoll offenbar</subfield></datafield><datafield ind1=" " ind2="1" tag="264"><subfield code="a">Frankfurt a.M.</subfield><subfield code="b">Insel</subfield><subfield code="c">2009</subfield></datafield><datafield ind1=" " ind2=" " tag="300"><subfield code="a">123 S.</subfield><subfield code="b">Ill.</subfield><subfield code="c">30 cm</subfield></datafield><datafield ind1=" " ind2=" " tag="336"><subfield code="b">txt</subfield><subfield code="2">rdacontent</subfield></datafield><datafield ind1=" " ind2=" " tag="337"><subfield code="b">n</subfield><subfield code="2">rdamedia</subfield></datafield><datafield ind1=" " ind2=" " tag="338"><subfield code="b">nc</subfield><subfield code="2">rdacarrier</subfield></datafield><datafield ind1="1" ind2="7" tag="600"><subfield code="a">Goethe, Johann Wolfgang von</subfield><subfield code="d">1749-1832</subfield><subfield code="0">(IDREF)026895528</subfield><subfield code="2">idref</subfield></datafield><datafield ind1="1" ind2="7" tag="600"><subfield code="a">Goethe, Johann Wolfgang von</subfield><subfield code="x">Bergbau</subfield><subfield code="2">idsbb</subfield></datafield><datafield ind1="1" ind2="7" tag="600"><subfield code="a">Goethe, Johann Wolfgang &lt;&lt;von&gt;&gt;</subfield><subfield code="d">1749-1832</subfield><subfield code="0">(DE-588)118540238</subfield><subfield code="2">gnd</subfield></datafield><datafield ind1="1" ind2="7" tag="600"><subfield code="a">Goethe, Johann Wolfgang &lt;&lt;von&gt;&gt;</subfield><subfield code="d">1749-1832</subfield><subfield code="t">Rede bei Eröffnung des neuen Bergbaues zu Ilmenau</subfield><subfield code="0">(DE-588)4575840-2</subfield><subfield code="2">gnd</subfield></datafield><datafield ind1="1" ind2="7" tag="600"><subfield code="a">Goethe, Johann W. von; Rede bei Eröffnung des neuen Bergbaues zu Ilmenau</subfield><subfield code="2">idszbz</subfield></datafield><datafield ind1="1" ind2="7" tag="600"><subfield code="a">Goethe, Johann W. von</subfield><subfield code="2">idszbz</subfield></datafield><datafield ind1="1" ind2="0" tag="600"><subfield code="a">Goethe, Johann Wolfgang von</subfield><subfield code="d">1749-1832</subfield><subfield code="x">Knowledge</subfield><subfield code="x">Mines and mineral resources</subfield></datafield><datafield ind1=" " ind2="7" tag="648"><subfield code="a">Geschichte</subfield><subfield code="2">gnd</subfield></datafield><datafield ind1=" " ind2="7" tag="648"><subfield code="a">Geschichte 1776-1796</subfield><subfield code="2">gnd</subfield></datafield><datafield ind1=" " ind2="7" tag="650"><subfield code="a">Mines (sites d'extraction)</subfield><subfield code="0">(IDREF)027296458</subfield><subfield code="2">idref</subfield></datafield><datafield ind1=" " ind2="7" tag="650"><subfield code="a">Bergbau</subfield><subfield code="0">(DE-588)4005614-4</subfield><subfield code="2">gnd</subfield></datafield><datafield ind1=" " ind2="7" tag="650"><subfield code="a">Bergbau</subfield><subfield code="g">Motiv</subfield><subfield code="0">(DE-588)4144625-2</subfield><subfield code="2">gnd</subfield></datafield><datafield ind1=" " ind2="7" tag="650"><subfield code="a">Geologie</subfield><subfield code="g">Motiv</subfield><subfield code="0">(DE-588)7573658-5</subfield><subfield code="2">gnd</subfield></datafield><datafield ind1=" " ind2="7" tag="650"><subfield code="a">Literatur</subfield><subfield code="0">(DE-588)4035964-5</subfield><subfield code="2">gnd</subfield></datafield><datafield ind1=" " ind2="7" tag="650"><subfield code="a">Motiv (Literatur)</subfield><subfield code="2">idszbz</subfield></datafield><datafield ind1=" " ind2="7" tag="650"><subfield code="a">Bergbau</subfield><subfield code="2">idszbz</subfield></datafield><datafield ind1=" " ind2="7" tag="650"><subfield code="a">Geologie</subfield><subfield code="2">idszbz</subfield></datafield><datafield ind1=" " ind2="0" tag="650"><subfield code="a">Mines and mineral resources in literature</subfield></datafield><datafield ind1=" " ind2="0" tag="650"><subfield code="a">Mines and mineral resources</subfield><subfield code="z">Germany</subfield><subfield code="z">Ilmenau</subfield></datafield><datafield ind1=" " ind2="7" tag="651"><subfield code="a">Ilmenau (Allemagne)</subfield><subfield code="0">(IDREF)085791490</subfield><subfield code="2">idref</subfield></datafield><datafield ind1=" " ind2="7" tag="651"><subfield code="a">Ilmenau</subfield><subfield code="0">(DE-588)4026566-3</subfield><subfield code="2">gnd</subfield></datafield><datafield ind1=" " ind2="7" tag="655"><subfield code="a">Bildband</subfield><subfield code="2">gnd-content</subfield></datafield><datafield ind1="1" ind2=" " tag="700"><subfield code="a">Damm, Hamster</subfield><subfield code="d">1965-</subfield><subfield code="0">(DE-588)123864712</subfield><subfield code="6">880-02</subfield></datafield><datafield ind1="1" ind2=" " tag="880"><subfield code="6">700-02</subfield><subfield code="a">Damm, Hamster</subfield><subfield code="d">1965-....</subfield><subfield code="0">(IDREF)137609795</subfield></datafield><datafield ind1="4" ind2=" " tag="856"><subfield code="3">Titelblatt und Inhaltsverzeichnis</subfield><subfield code="u">https://toc.library.ethz.ch/objects/pdf/z01_978-3-458-17443-1_01.pdf</subfield><subfield code="q">pdf</subfield></datafield><datafield ind1=" " ind2=" " tag="900"><subfield code="a">REROnoselfmerge</subfield></datafield><datafield ind1=" " ind2=" " tag="900"><subfield code="a">IDSZ2zbzmon200907f</subfield><subfield code="c">IDSZ2sute</subfield><subfield code="d">IDSZ2zbzswk200912b</subfield><subfield code="e">IDSZ2boxm</subfield></datafield><datafield ind1=" " ind2=" " tag="949"><subfield code="a">https://toc.library.ethz.ch/objects/pdf/z01_978-3-458-17443-1_01.pdf</subfield></datafield></record>
</metadata></record>