<record><header><identifier>oai:alma.41SLSP_UGE:991000023309705502</identifier><datestamp>2023-07-03T00:41:53Z</datestamp><setSpec>UNIGE_ALL</setSpec></header><metadata>
<record xmlns="http://www.loc.gov/MARC21/slim" xmlns:xsi="http://www.w3.org/2001/XMLSchema-instance" xsi:schemaLocation="http://www.loc.gov/MARC21/slim http://www.loc.gov/standards/marcxml/schema/MARC21slim.xsd"><leader>01526ngm a2200337 c 4500</leader><controlfield tag="001">991000023309705502</controlfield><controlfield tag="005">20230605204726.0</controlfield><controlfield tag="007">vd |v||||</controlfield><controlfield tag="008">190111s2017    gw ||| |          v|fre d</controlfield><datafield ind1=" " ind2=" " tag="035"><subfield code="a">(swissbib)125389760-41slsp_network</subfield></datafield><datafield ind1=" " ind2=" " tag="035"><subfield code="a">125389760</subfield><subfield code="9">ExL</subfield></datafield><datafield ind1=" " ind2=" " tag="035"><subfield code="a">(RERO)R008883568-41slsp</subfield></datafield><datafield ind1=" " ind2=" " tag="035"><subfield code="a">(EXLNZ-41SLSP_NETWORK)991118491469705501</subfield></datafield><datafield ind1=" " ind2=" " tag="040"><subfield code="a">RERO geumem</subfield><subfield code="d">CH-ZuSLS</subfield></datafield><datafield ind1="1" ind2=" " tag="041"><subfield code="a">fre</subfield><subfield code="a">ita</subfield><subfield code="h">ita</subfield></datafield><datafield ind1=" " ind2="7" tag="072"><subfield code="a">it</subfield><subfield code="2">rero</subfield></datafield><datafield ind1="0" ind2="0" tag="245"><subfield code="a">&lt;&lt;L'&gt;&gt;enfer de Dante</subfield><subfield code="c">un film de Christian Schwarz et Wilfried Hauke</subfield></datafield><datafield ind1=" " ind2="1" tag="264"><subfield code="a">[Allemagne]</subfield><subfield code="b">ZDF [prod.]</subfield><subfield code="c">2017</subfield></datafield><datafield ind1=" " ind2=" " tag="300"><subfield code="a">1 DVD-R</subfield></datafield><datafield ind1=" " ind2=" " tag="336"><subfield code="b">tdi</subfield><subfield code="2">rdacontent</subfield></datafield><datafield ind1=" " ind2=" " tag="337"><subfield code="b">v</subfield><subfield code="2">rdamedia</subfield></datafield><datafield ind1=" " ind2=" " tag="338"><subfield code="b">vd</subfield><subfield code="2">rdacarrier</subfield></datafield><datafield ind1=" " ind2=" " tag="500"><subfield code="a">Durée du film : 51 min.</subfield></datafield><datafield ind1=" " ind2=" " tag="500"><subfield code="a">Choix de langues : français</subfield></datafield><datafield ind1=" " ind2=" " tag="500"><subfield code="a">Diffusé sur Arte, le 21 novembre 2018</subfield></datafield><datafield ind1=" " ind2=" " tag="500"><subfield code="a">Images d'archives de provenances diverses</subfield></datafield><datafield ind1="8" ind2=" " tag="520"><subfield code="a">&quot;Grande source d'inspiration en art et monument incontestable de la littérature classique, &quot;la Divine Comédie&quot; serait au fondement même de la langue italienne. Ce documentaire offre une relecture de cette oeuvre en osant un rapprochement saisissant avec l'enfer vécu actuellement par les migrants ainsi qu'un portrait fascinant de Dante.&quot;</subfield><subfield code="5">RERO/geumem/01.2019</subfield></datafield><datafield ind1="0" ind2="7" tag="600"><subfield code="a">Dante Alighieri.</subfield><subfield code="t">La Divina Commedia</subfield><subfield code="0">(RERO)A010071515</subfield><subfield code="2">rero</subfield></datafield><datafield ind1="0" ind2="7" tag="600"><subfield code="a">Dante Alighieri</subfield><subfield code="d">1265-1321</subfield><subfield code="0">(IDREF)026811081</subfield><subfield code="2">idref</subfield></datafield><datafield ind1=" " ind2="7" tag="655"><subfield code="a">DVD</subfield><subfield code="0">(IDREF)035108444</subfield><subfield code="2">idref</subfield></datafield><datafield ind1="1" ind2=" " tag="700"><subfield code="a">Schwarz, Christiane</subfield><subfield code="d">1968-....</subfield><subfield code="0">(IDREF)067164706</subfield></datafield><datafield ind1="1" ind2=" " tag="700"><subfield code="a">Hauke, Wilfried</subfield><subfield code="d">1957-....</subfield><subfield code="0">(IDREF)131229710</subfield></datafield></record>
</metadata></record>