<record><header><identifier>oai:alma.41SLSP_UGE:991000023019705502</identifier><datestamp>2023-03-01T01:09:13Z</datestamp><setSpec>uge_bcen_RapidILL_BOOK</setSpec><setSpec>uge_aaca_RapidILL_BOOK</setSpec><setSpec>uge_abels_RapidILL_BOOK</setSpec><setSpec>uge_dbu_RapidILL_BOOK</setSpec><setSpec>uge_cmu_RapidILL_BOOK</setSpec><setSpec>uge_mail_RapidILL_BOOK</setSpec><setSpec>UNIGE_ALL</setSpec><setSpec>uge_abbat_RapidILL_BOOK</setSpec><setSpec>uge_aobs_RapidILL_BOOK</setSpec><setSpec>uge_acar_RapidILL_BOOK</setSpec></header><metadata>
<record xmlns="http://www.loc.gov/MARC21/slim" xmlns:xsi="http://www.w3.org/2001/XMLSchema-instance" xsi:schemaLocation="http://www.loc.gov/MARC21/slim http://www.loc.gov/standards/marcxml/schema/MARC21slim.xsd"><leader>01655nam a2200397 c 4500</leader><controlfield tag="001">991000023019705502</controlfield><controlfield tag="005">20201222213601.0</controlfield><controlfield tag="008">201012s1993    sz            00| | ger  </controlfield><datafield ind1=" " ind2=" " tag="035"><subfield code="a">(swissbib)233132732-41slsp_network</subfield></datafield><datafield ind1=" " ind2=" " tag="035"><subfield code="a">233132732</subfield><subfield code="9">ExL</subfield></datafield><datafield ind1=" " ind2=" " tag="035"><subfield code="a">(NEBIS)003921864EBI01</subfield></datafield><datafield ind1=" " ind2=" " tag="035"><subfield code="a">(RERO)R238320760-41slsp</subfield></datafield><datafield ind1=" " ind2=" " tag="035"><subfield code="a">(SBT)000111596SBT01</subfield></datafield><datafield ind1=" " ind2=" " tag="035"><subfield code="a">(EXLNZ-41SLSP_NETWORK)991058963289705501</subfield></datafield><datafield ind1=" " ind2=" " tag="040"><subfield code="a">FH-HTA-BE</subfield><subfield code="d">CH-ZuSLS</subfield></datafield><datafield ind1=" " ind2=" " tag="044"><subfield code="a">sz</subfield><subfield code="c">ch-zh</subfield></datafield><datafield ind1=" " ind2="7" tag="072"><subfield code="a">at</subfield><subfield code="2">rero</subfield></datafield><datafield ind1=" " ind2="7" tag="072"><subfield code="a">ur</subfield><subfield code="2">rero</subfield></datafield><datafield ind1="0" ind2="4" tag="082"><subfield code="a">711/.4</subfield><subfield code="2">22</subfield></datafield><datafield ind1="0" ind2="0" tag="245"><subfield code="a">&lt;&lt;Das&gt;&gt; urbane Projekt</subfield><subfield code="b">ein Modell</subfield><subfield code="c">[Mario Campi, Wolfgang Böhm, Mirko Zardini]</subfield></datafield><datafield ind1=" " ind2="1" tag="264"><subfield code="a">Zürich</subfield><subfield code="b">ETH Hönggerberg, Abteilung für Architektur</subfield><subfield code="c">1993</subfield></datafield><datafield ind1=" " ind2=" " tag="300"><subfield code="a">80 Bl.</subfield><subfield code="b">Ill.</subfield><subfield code="c">30 cm</subfield></datafield><datafield ind1=" " ind2=" " tag="336"><subfield code="b">txt</subfield><subfield code="2">rdacontent</subfield></datafield><datafield ind1=" " ind2=" " tag="337"><subfield code="b">n</subfield><subfield code="2">rdamedia</subfield></datafield><datafield ind1=" " ind2=" " tag="338"><subfield code="b">nc</subfield><subfield code="2">rdacarrier</subfield></datafield><datafield ind1="1" ind2="7" tag="600"><subfield code="a">Tessenow, Heinrich</subfield><subfield code="d">1876-1950</subfield><subfield code="0">(DE-588)118621408</subfield><subfield code="2">gnd</subfield></datafield><datafield ind1=" " ind2="7" tag="650"><subfield code="a">STADTPLANUNGSGESCHICHTE + STÄDTEBAUGESCHICHTE (GEBAUTE UMWELT)</subfield><subfield code="9">ger</subfield><subfield code="0">(ETHUDK)000039332</subfield><subfield code="2">ethudk</subfield></datafield><datafield ind1=" " ind2="7" tag="650"><subfield code="a">STADTPLANUNGSTHEORIE (STÄDTEBAU)</subfield><subfield code="9">ger</subfield><subfield code="0">(ETHUDK)000035378</subfield><subfield code="2">ethudk</subfield></datafield><datafield ind1=" " ind2="7" tag="650"><subfield code="a">STÄDTEBAULICHE LEITBILDER, PROGRAMME, PROJEKTE (STÄDTEBAU)</subfield><subfield code="9">ger</subfield><subfield code="0">(ETHUDK)000035377</subfield><subfield code="2">ethudk</subfield></datafield><datafield ind1=" " ind2="7" tag="650"><subfield code="a">VORLESUNGSNACHSCHRIFTEN, SKRIPTEN (DOKUMENTENTYP)</subfield><subfield code="9">ger</subfield><subfield code="0">(ETHUDK)000049768</subfield><subfield code="2">ethudk</subfield></datafield><datafield ind1=" " ind2="7" tag="650"><subfield code="a">WOHNSIEDLUNGEN (ARCHITEKTUR)</subfield><subfield code="9">ger</subfield><subfield code="0">(ETHUDK)000052857</subfield><subfield code="2">ethudk</subfield></datafield><datafield ind1=" " ind2=" " tag="691"><subfield code="e">711.400</subfield><subfield code="2">usi-TM</subfield></datafield><datafield ind1="1" ind2=" " tag="700"><subfield code="a">Zardini, Mirko</subfield><subfield code="d">1955-</subfield><subfield code="0">(DE-588)122631072</subfield></datafield><datafield ind1="1" ind2=" " tag="700"><subfield code="a">Campi, Mario</subfield><subfield code="d">1936-2011</subfield><subfield code="0">(DE-588)118904914</subfield><subfield code="6">880-03</subfield></datafield><datafield ind1="1" ind2=" " tag="880"><subfield code="a">Campi, Mario</subfield><subfield code="0">(RERO)A003072798</subfield><subfield code="6">700-03</subfield></datafield><datafield ind1="1" ind2=" " tag="700"><subfield code="a">Böhm, Wolfgang</subfield><subfield code="0">(RERO)A003064121</subfield></datafield><datafield ind1=" " ind2=" " tag="900"><subfield code="a">REROnoselfmerge</subfield></datafield></record>
</metadata></record>