<record><header><identifier>oai:alma.41SLSP_UGE:991000022699705502</identifier><datestamp>2023-03-01T01:09:13Z</datestamp><setSpec>uge_bcen_RapidILL_BOOK</setSpec><setSpec>uge_aaca_RapidILL_BOOK</setSpec><setSpec>uge_abels_RapidILL_BOOK</setSpec><setSpec>uge_dbu_RapidILL_BOOK</setSpec><setSpec>uge_cmu_RapidILL_BOOK</setSpec><setSpec>uge_mail_RapidILL_BOOK</setSpec><setSpec>UNIGE_ALL</setSpec><setSpec>uge_abbat_RapidILL_BOOK</setSpec><setSpec>uge_acar_RapidILL_BOOK</setSpec><setSpec>uge_aobs_RapidILL_BOOK</setSpec></header><metadata>
<record xmlns="http://www.loc.gov/MARC21/slim" xmlns:xsi="http://www.w3.org/2001/XMLSchema-instance" xsi:schemaLocation="http://www.loc.gov/MARC21/slim http://www.loc.gov/standards/marcxml/schema/MARC21slim.xsd"><leader>02012nam a22004692c 4500</leader><controlfield tag="001">991000022699705502</controlfield><controlfield tag="005">20210207112743.0</controlfield><controlfield tag="008">201011s2009    fr ||||| |||| 00| ||eng d</controlfield><datafield ind1=" " ind2=" " tag="020"><subfield code="a">9789287166487</subfield></datafield><datafield ind1=" " ind2=" " tag="020"><subfield code="a">928716648X</subfield></datafield><datafield ind1=" " ind2=" " tag="035"><subfield code="a">(swissbib)217029256-41slsp_network</subfield></datafield><datafield ind1=" " ind2=" " tag="035"><subfield code="a">217029256</subfield><subfield code="9">ExL</subfield></datafield><datafield ind1=" " ind2=" " tag="035"><subfield code="a">(RERO)R005925447-41slsp</subfield></datafield><datafield ind1=" " ind2=" " tag="035"><subfield code="a">(NEBIS)011130786EBI01</subfield></datafield><datafield ind1=" " ind2=" " tag="035"><subfield code="a">(OCoLC)699559993</subfield></datafield><datafield ind1=" " ind2=" " tag="035"><subfield code="a">(EXLNZ-41SLSP_NETWORK)991011076049705501</subfield></datafield><datafield ind1=" " ind2=" " tag="040"><subfield code="a">BTCTA</subfield><subfield code="d">CH-ZuSLS</subfield></datafield><datafield ind1=" " ind2="7" tag="072"><subfield code="a">pe</subfield><subfield code="2">rero</subfield></datafield><datafield ind1="1" ind2=" " tag="100"><subfield code="a">Rauhvargers, Andrejs</subfield><subfield code="d">1952-</subfield><subfield code="0">(DE-588)1030276579</subfield><subfield code="e">Verfasser</subfield><subfield code="4">aut</subfield><subfield code="6">880-01</subfield></datafield><datafield ind1="1" ind2=" " tag="880"><subfield code="6">100-01</subfield><subfield code="a">Rauhvargers, Andrejs</subfield><subfield code="d">1952-....</subfield><subfield code="0">(IDREF)165414529</subfield><subfield code="4">cre</subfield></datafield><datafield ind1="1" ind2="0" tag="245"><subfield code="a">Improving recognition in the European higher education area</subfield><subfield code="b">an analysis of national action plans</subfield><subfield code="c">Andrejs Rauhvargers and Agnese Rusakova</subfield></datafield><datafield ind1=" " ind2="1" tag="264"><subfield code="a">Strasbourg</subfield><subfield code="b">Council of Europe Publishing</subfield><subfield code="c">[2009]</subfield></datafield><datafield ind1=" " ind2="4" tag="264"><subfield code="c">© 2009</subfield></datafield><datafield ind1=" " ind2=" " tag="300"><subfield code="a">176 p.</subfield><subfield code="c">24 cm.</subfield></datafield><datafield ind1=" " ind2=" " tag="336"><subfield code="b">txt</subfield><subfield code="2">rdacontent</subfield></datafield><datafield ind1=" " ind2=" " tag="337"><subfield code="b">n</subfield><subfield code="2">rdamedia</subfield></datafield><datafield ind1=" " ind2=" " tag="338"><subfield code="b">nc</subfield><subfield code="2">rdacarrier</subfield></datafield><datafield ind1="1" ind2=" " tag="490"><subfield code="a">Council of Europe higher education series</subfield><subfield code="v">no. 12</subfield></datafield><datafield ind1=" " ind2=" " tag="504"><subfield code="a">Includes bibliographical references.</subfield></datafield><datafield ind1="2" ind2="7" tag="610"><subfield code="a">Europäische Union</subfield><subfield code="0">(DE-588)5098525-5</subfield><subfield code="2">gnd</subfield></datafield><datafield ind1="0" ind2="0" tag="630"><subfield code="a">Convention on the Recognition of Qualifications Concerning Higher Education in the European Region</subfield><subfield code="d">(1997)</subfield></datafield><datafield ind1=" " ind2="0" tag="650"><subfield code="a">Bologna process (European higher education)</subfield></datafield><datafield ind1=" " ind2="0" tag="650"><subfield code="a">Degrees, Academic</subfield><subfield code="x">Law and legislation</subfield><subfield code="z">European Union countries</subfield></datafield><datafield ind1=" " ind2="0" tag="650"><subfield code="a">Education, Higher</subfield><subfield code="x">Law and legislation</subfield><subfield code="z">European Union countries</subfield></datafield><datafield ind1=" " ind2="0" tag="650"><subfield code="a">Universities and colleges</subfield><subfield code="z">Europe</subfield><subfield code="x">Entrance requirements</subfield></datafield><datafield ind1=" " ind2="7" tag="650"><subfield code="a">Bologna-Prozess</subfield><subfield code="0">(DE-588)4833805-9</subfield><subfield code="2">gnd</subfield></datafield><datafield ind1=" " ind2="7" tag="650"><subfield code="a">Akademischer Grad</subfield><subfield code="0">(DE-588)4141686-7</subfield><subfield code="2">gnd</subfield></datafield><datafield ind1="1" ind2=" " tag="700"><subfield code="a">Rusakova, Agnese</subfield><subfield code="e">Verfasser</subfield><subfield code="4">aut</subfield><subfield code="6">880-02</subfield></datafield><datafield ind1="1" ind2=" " tag="880"><subfield code="6">700-02</subfield><subfield code="a">Rusakova, Agnese</subfield><subfield code="0">(IDREF)166519480</subfield></datafield><datafield ind1="2" ind2=" " tag="710"><subfield code="a">Council of Europe</subfield><subfield code="0">(IDREF)079262880</subfield></datafield><datafield ind1=" " ind2="0" tag="830"><subfield code="a">Council of Europe higher education series</subfield><subfield code="v">12</subfield><subfield code="w">(NEBIS)011130785EBI01</subfield></datafield><datafield ind1=" " ind2=" " tag="900"><subfield code="a">REROnoselfmerge</subfield></datafield><datafield ind1=" " ind2=" " tag="910"><subfield code="a">OCoLC</subfield><subfield code="b">20110210</subfield><subfield code="c">Droits réservés</subfield></datafield></record>
</metadata></record>