<record><header><identifier>oai:alma.41SLSP_UGE:991000023219705502</identifier><datestamp>2023-05-23T00:12:24Z</datestamp><setSpec>uge_bcen_RapidILL_BOOK</setSpec><setSpec>uge_aaca_RapidILL_BOOK</setSpec><setSpec>uge_abels_RapidILL_BOOK</setSpec><setSpec>uge_dbu_RapidILL_BOOK</setSpec><setSpec>uge_cmu_RapidILL_BOOK</setSpec><setSpec>uge_mail_RapidILL_BOOK</setSpec><setSpec>uge_abbat_RapidILL_BOOK</setSpec><setSpec>UNIGE_ALL</setSpec><setSpec>uge_acar_RapidILL_BOOK</setSpec><setSpec>uge_aobs_RapidILL_BOOK</setSpec></header><metadata>
<record xmlns="http://www.loc.gov/MARC21/slim" xmlns:xsi="http://www.w3.org/2001/XMLSchema-instance" xsi:schemaLocation="http://www.loc.gov/MARC21/slim http://www.loc.gov/standards/marcxml/schema/MARC21slim.xsd"><leader>01481nam a2200373 c 4500</leader><controlfield tag="001">991000023219705502</controlfield><controlfield tag="005">20230516184950.0</controlfield><controlfield tag="008">130816s2013    sp ||||| |||| 10| ||spa d</controlfield><datafield ind1=" " ind2=" " tag="020"><subfield code="a">9788496820951</subfield></datafield><datafield ind1=" " ind2=" " tag="035"><subfield code="a">(swissbib)11792959X-41slsp_network</subfield></datafield><datafield ind1=" " ind2=" " tag="035"><subfield code="a">11792959X</subfield><subfield code="9">ExL</subfield></datafield><datafield ind1=" " ind2=" " tag="035"><subfield code="a">(RERO)R007445750-41slsp</subfield></datafield><datafield ind1=" " ind2=" " tag="035"><subfield code="a">(EXLNZ-41SLSP_NETWORK)991047430329705501</subfield></datafield><datafield ind1=" " ind2=" " tag="040"><subfield code="a">RERO labcud</subfield><subfield code="d">CH-ZuSLS</subfield></datafield><datafield ind1="0" ind2=" " tag="041"><subfield code="a">spa</subfield><subfield code="a">fre</subfield></datafield><datafield ind1=" " ind2="7" tag="072"><subfield code="a">hs</subfield><subfield code="2">rero</subfield></datafield><datafield ind1=" " ind2="7" tag="072"><subfield code="a">sp</subfield><subfield code="2">rero</subfield></datafield><datafield ind1="0" ind2="0" tag="245"><subfield code="a">&lt;&lt;Las&gt;&gt; independencias hispanoamericanas</subfield><subfield code="b">un objeto de historia</subfield><subfield code="c">editado por Véronique Hébrard y Geneviève Verdo</subfield></datafield><datafield ind1=" " ind2="1" tag="264"><subfield code="a">Madrid</subfield><subfield code="b">Casa de Velázquez</subfield><subfield code="c">2013</subfield></datafield><datafield ind1=" " ind2=" " tag="300"><subfield code="a">IX, 360 p.</subfield></datafield><datafield ind1=" " ind2=" " tag="336"><subfield code="b">txt</subfield><subfield code="2">rdacontent</subfield></datafield><datafield ind1=" " ind2=" " tag="337"><subfield code="b">n</subfield><subfield code="2">rdamedia</subfield></datafield><datafield ind1=" " ind2=" " tag="338"><subfield code="b">nc</subfield><subfield code="2">rdacarrier</subfield></datafield><datafield ind1="1" ind2=" " tag="490"><subfield code="a">Collection de la Casa de Velázquez</subfield><subfield code="v">volume 137</subfield></datafield><datafield ind1=" " ind2=" " tag="500"><subfield code="a">&quot;...colloque.. organisé en Sorbonne en juin 2011.&quot;</subfield></datafield><datafield ind1=" " ind2=" " tag="504"><subfield code="a">Bibliografía: p. 333-360</subfield></datafield><datafield ind1=" " ind2="7" tag="650"><subfield code="a">Décolonisation</subfield><subfield code="0">(IDREF)027680959</subfield><subfield code="2">idref</subfield></datafield><datafield ind1=" " ind2="7" tag="650"><subfield code="a">Souveraineté</subfield><subfield code="0">(IDREF)05061584X</subfield><subfield code="2">idref</subfield></datafield><datafield ind1=" " ind2="7" tag="650"><subfield code="a">Historiographie</subfield><subfield code="0">(IDREF)027261794</subfield><subfield code="2">idref</subfield></datafield><datafield ind1=" " ind2="7" tag="651"><subfield code="a">Amérique latine</subfield><subfield code="0">(IDREF)02721897X</subfield><subfield code="2">idref</subfield></datafield><datafield ind1=" " ind2="7" tag="655"><subfield code="a">Actes de congrès</subfield><subfield code="0">(IDREF)02886431X</subfield><subfield code="2">idref</subfield></datafield><datafield ind1=" " ind2="7" tag="651"><subfield code="a">Amérique latine</subfield><subfield code="y">1806-1830 (Guerres d'indépendance)</subfield><subfield code="0">(IDREF)027375102</subfield><subfield code="2">idref</subfield></datafield><datafield ind1="1" ind2=" " tag="700"><subfield code="a">Hébrard, Véronique</subfield><subfield code="c">historienne</subfield><subfield code="d">1964-....</subfield><subfield code="0">(IDREF)057417172</subfield></datafield><datafield ind1="1" ind2=" " tag="700"><subfield code="a">Verdo, Geneviève</subfield><subfield code="d">1966-....</subfield><subfield code="0">(IDREF)112011241</subfield></datafield><datafield ind1=" " ind2="0" tag="830"><subfield code="a">Collection de la Casa de Velázquez</subfield><subfield code="v">137</subfield><subfield code="w">(RERO)1603278-41slsp</subfield></datafield></record>
</metadata></record>