<record><header><identifier>oai:alma.41SLSP_UGE:991000022799705502</identifier><datestamp>2023-06-26T00:14:45Z</datestamp><setSpec>UNIGE_ALL</setSpec></header><metadata>
<record xmlns="http://www.loc.gov/MARC21/slim" xmlns:xsi="http://www.w3.org/2001/XMLSchema-instance" xsi:schemaLocation="http://www.loc.gov/MARC21/slim http://www.loc.gov/standards/marcxml/schema/MARC21slim.xsd"><leader>02186ngm a2200385 c 4500</leader><controlfield tag="001">991000022799705502</controlfield><controlfield tag="005">20230625173146.0</controlfield><controlfield tag="007">vd |v||||</controlfield><controlfield tag="008">100113s2009    fr ||| |          v|eng d</controlfield><datafield ind1="4" ind2="2" tag="028"><subfield code="a">700447503603</subfield></datafield><datafield ind1=" " ind2=" " tag="035"><subfield code="a">(swissbib)109863380-41slsp_network</subfield></datafield><datafield ind1=" " ind2=" " tag="035"><subfield code="a">109863380</subfield><subfield code="9">ExL</subfield></datafield><datafield ind1=" " ind2=" " tag="035"><subfield code="a">(RERO)R005368527-41slsp</subfield></datafield><datafield ind1=" " ind2=" " tag="035"><subfield code="a">(EXLNZ-41SLSP_NETWORK)991059269329705501</subfield></datafield><datafield ind1=" " ind2=" " tag="040"><subfield code="a">RERO geumed</subfield><subfield code="d">CH-ZuSLS</subfield></datafield><datafield ind1="1" ind2=" " tag="041"><subfield code="a">eng</subfield><subfield code="a">fre</subfield><subfield code="h">eng</subfield></datafield><datafield ind1=" " ind2="7" tag="072"><subfield code="a">ba</subfield><subfield code="2">rero</subfield></datafield><datafield ind1="0" ind2="0" tag="245"><subfield code="a">Dead man</subfield><subfield code="c">un film de Jim Jarmusch ; écrit et réalisé par Jim Jarmusch ; musique composée et interprétée par Neil Young ; prod. par Demetra J. MacBride</subfield></datafield><datafield ind1=" " ind2="1" tag="264"><subfield code="a">[Paris]</subfield><subfield code="b">BAC Vidéo</subfield><subfield code="c">2009</subfield></datafield><datafield ind1=" " ind2=" " tag="300"><subfield code="a">1 DVD vidéo</subfield><subfield code="b">noir et blanc</subfield></datafield><datafield ind1=" " ind2=" " tag="336"><subfield code="b">tdi</subfield><subfield code="2">rdacontent</subfield></datafield><datafield ind1=" " ind2=" " tag="337"><subfield code="b">v</subfield><subfield code="2">rdamedia</subfield></datafield><datafield ind1=" " ind2=" " tag="338"><subfield code="b">vd</subfield><subfield code="2">rdacarrier</subfield></datafield><datafield ind1="0" ind2=" " tag="490"><subfield code="a">Collection Jim Jarmusch</subfield></datafield><datafield ind1=" " ind2=" " tag="500"><subfield code="a">Une prod.: 12 Gauge Prod., cop. 1995</subfield></datafield><datafield ind1=" " ind2=" " tag="500"><subfield code="a">Choix des langues: Anglais, français. Sous-titres: Français</subfield></datafield><datafield ind1=" " ind2=" " tag="500"><subfield code="a">Durée du film: ca 134 min.</subfield></datafield><datafield ind1="0" ind2=" " tag="505"><subfield code="a">Bonus: Scènes coupées ; Photos du tournage ; Bandes-annonces ; Filmographies</subfield></datafield><datafield ind1=" " ind2=" " tag="508"><subfield code="a">Image Robby Müller ; montage Jay Rabinowitz ; décors Bob Ziembicki ; costumes Marit Allen</subfield></datafield><datafield ind1="0" ind2=" " tag="511"><subfield code="a">Johnny Depp ; Gary Farmer ; Lance Henriksen ; Michael Wincott ; Eugène Byrd ; Mili Avital ; Crispin Glover ; Iggy Pop ; Billy Bob Thornton ; Robert Mitchum ... et al.</subfield></datafield><datafield ind1="8" ind2=" " tag="520"><subfield code="a">&quot;2ème moitié du 19e siècle.Originaire de Cleveland, William Blake postule pour une place de comptable à Machine Town, dans l'Ouest américain. Dans le train qui le mène à la scierie Dickinson, un inconnu le met en garde. Ce n'est pas la fortune qui l'attend là-bas, mais la mort en personne. Le premier soir, Blake est blessé par balle pour un funeste quiproquo. C'est le début d'une longue errance, guidée par Nobody l'Indien philosophe, qui le tient pour la &quot;réincarnation&quot; du poète William Blake.&quot;</subfield><subfield code="5">RERO/geumem/11.2015</subfield></datafield><datafield ind1=" " ind2="7" tag="655"><subfield code="a">DVD</subfield><subfield code="0">(IDREF)035108444</subfield><subfield code="2">idref</subfield></datafield><datafield ind1=" " ind2="7" tag="655"><subfield code="a">Films de fiction</subfield><subfield code="0">(IDREF)14779644X</subfield><subfield code="2">idref</subfield></datafield><datafield ind1="1" ind2=" " tag="700"><subfield code="a">Jarmusch, Jim</subfield><subfield code="d">1953-....</subfield><subfield code="0">(IDREF)051639572</subfield></datafield><datafield ind1="1" ind2=" " tag="700"><subfield code="a">Young, Neil</subfield><subfield code="d">1945-....</subfield><subfield code="0">(IDREF)035136782</subfield></datafield><datafield ind1="1" ind2=" " tag="700"><subfield code="a">MacBride, Demetra J</subfield><subfield code="0">(RERO)A003542296</subfield></datafield></record>
</metadata></record>